Product,Company,Category,Units Sold,Revenue,Cost of Goods Sold,Profit,Purchase Date,Customer Name,Customer State,Customer City,Customer Zip Code,Order ID
Coffee,Coca-Cola,Coffee,151,2141,4956,-2815,7/4/2020,Angela Wilson,California,East Danielleview,35273,1-143-51064-X
Coffee,Coca-Cola,Coffee,624,1620,1156,464,4/9/2021,Zachary Wheeler,Wisconsin,New Kimberlyshire,55509,1-163-25655-2
Wine,Coca-Cola,Alcoholic,853,9978,1030,8948,3/10/2022,Jeremy Arroyo,Massachusetts,Vickieshire,93236,0-345-30366-0
Green Tea,Dr. Pepper,Tea,962,5974,5279,695,5/10/2023,Andrew Fleming,Arizona,Albertberg,34895,1-4844-8219-0
Vodka,Dr. Pepper,Alcoholic,719,3928,2828,1100,11/19/2020,Caroline Smith,Indiana,Johnsonstad,90201,1-85816-387-0
Lemonade,Dr. Pepper,Soft Drink,650,4708,4619,89,9/14/2021,Charles Schmidt,Utah,Hughesland,28547,0-493-90603-7
Coffee,Pepsi,Coffee,101,1398,955,443,2/25/2021,Monica Mercado,North Carolina,Whitakershire,12974,1-4807-1762-2
Cola,Dr. Pepper,Soft Drink,472,6069,4533,1536,12/17/2020,Katherine Robinson,Oregon,New Teresa,52603,1-86050-751-4
Cola,Coca-Cola,Soft Drink,562,9883,7180,2703,12/21/2021,James Salazar,Iowa,New Jessicaton,19798,1-55729-850-5
Energy Drink,Coca-Cola,Soft Drink,245,8617,1709,6908,5/1/2022,Maurice Hall,Maryland,South Heather,63040,1-971855-58-8
Coffee,Dr. Pepper,Coffee,554,2116,1486,630,7/4/2023,Brenda Adams,Utah,South Devintown,42266,1-79959-753-9
Herbal Tea,Dr. Pepper,Tea,502,3428,5865,-2437,2/27/2021,Joshua Jones,Missouri,Nicoletown,38850,1-355-52725-2
Energy Drink,Dr. Pepper,Soft Drink,179,3093,3532,-439,4/13/2023,Jordan Rasmussen,Colorado,Johnfurt,19214,0-408-49597-9
Beer,Dr. Pepper,Alcoholic,935,5668,3070,2598,4/17/2021,David King,Maryland,East Dianahaven,71193,1-4034-4066-2
Cola,Pepsi,Soft Drink,526,3082,7115,-4033,7/29/2020,Jose Murphy,Maryland,South Amyview,84534,1-230-47174-X
Cola,Dr. Pepper,Soft Drink,671,5743,4554,1189,11/17/2022,Hunter Hall,Nevada,North Nicholas,5244,0-320-91549-2
Wine,Coca-Cola,Alcoholic,279,3759,3448,311,2/5/2021,Troy Hernandez,Kansas,North Ashleyhaven,2714,0-560-70787-8
Black Tea,Coca-Cola,Tea,465,6829,4208,2621,3/1/2022,Catherine Jones,Texas,South Andrewmouth,22434,0-392-81194-4
Wine,Dr. Pepper,Alcoholic,192,9870,4795,5075,6/8/2021,David Oconnor,New York,New Danielleland,57084,1-68663-234-7
Green Tea,Coca-Cola,Tea,849,4659,7269,-2610,5/31/2021,Robert Lane,Oklahoma,West Jessica,96805,1-4446-1615-3
Wine,Pepsi,Alcoholic,351,3724,2359,1365,11/24/2022,Christopher Miller,Missouri,Sheilachester,67752,1-4940-8694-8
Beer,Dr. Pepper,Alcoholic,691,9336,3233,6103,6/9/2021,Thomas Lee PhD,Maryland,Rothbury,52708,0-07-408127-6
Beer,Dr. Pepper,Alcoholic,517,2235,2545,-310,5/5/2022,Michael Shepherd,Maine,South Williamberg,22356,0-422-98574-0
Lemonade,Coca-Cola,Soft Drink,658,5411,1161,4250,3/24/2022,Samantha Gregory,Connecticut,West Paul,55365,0-13-102304-7
Herbal Tea,Pepsi,Tea,234,6508,6474,34,3/28/2021,Sophia Woods,Missouri,Michaelfurt,68009,1-966180-26-8
Green Tea,Dr. Pepper,Tea,144,4060,2398,1662,7/22/2021,Jennifer Vincent,Nevada,Youngtown,5158,0-460-47270-4
Beer,Coca-Cola,Alcoholic,279,1132,563,569,2/3/2021,Sandra Rush,Connecticut,West Jennifer,54431,1-322-33309-2
Green Tea,Coca-Cola,Tea,434,9864,3455,6409,4/15/2022,Samantha Robertson,Wyoming,South Marcusshire,2866,1-281-02885-1
Beer,Pepsi,Alcoholic,871,2724,1045,1679,2/19/2023,Jennifer Vaughn,Washington,Tranchester,68104,1-69698-646-X
Wine,Dr. Pepper,Alcoholic,165,4290,3799,491,12/20/2022,Cynthia Miller,Arizona,Emilyburgh,27519,1-05-361806-9
Energy Drink,Coca-Cola,Soft Drink,937,5957,2136,3821,3/9/2021,Lauren Leon,Wyoming,Matthewview,3438,0-8092-3245-6
Energy Drink,Pepsi,Soft Drink,124,3129,4919,-1790,10/21/2022,Barbara Winters,Colorado,Matthewbury,34505,1-4298-5021-3
Herbal Tea,Dr. Pepper,Tea,231,1676,6034,-4358,7/2/2020,Kimberly Lopez,New Mexico,Powellfort,44122,0-458-31329-7
Cola,Pepsi,Soft Drink,146,5483,5354,129,2/13/2023,Angela Molina,Colorado,Jensenstad,83573,0-243-91336-2
Lemonade,Pepsi,Soft Drink,147,3130,2749,381,10/22/2020,Emily Arnold,Idaho,Port Katherineport,96756,1-9799-6416-5
Beer,Dr. Pepper,Alcoholic,846,3104,1594,1510,7/29/2021,Valerie Sweeney,Colorado,New Anthonymouth,44965,1-4592-1480-3
Coffee,Pepsi,Coffee,315,8884,2069,6815,3/22/2021,Miss Kimberly Bell,Maine,New Troyberg,43435,1-70203-836-X
Coffee,Dr. Pepper,Coffee,566,2221,7529,-5308,9/13/2022,Justin Jimenez,Wyoming,Coxville,2813,1-4023-8634-6
Herbal Tea,Coca-Cola,Tea,329,1619,4581,-2962,1/4/2021,Jose Watson,Indiana,Taylorside,57574,0-289-65753-9
Green Tea,Pepsi,Tea,367,6592,7478,-886,9/16/2020,Kimberly Bauer,Arizona,Allenburgh,1879,1-338-18183-1
Coffee,Dr. Pepper,Coffee,426,8283,5180,3103,9/23/2022,Evan Torres,Pennsylvania,West Haleystad,89455,0-503-39889-6
Black Tea,Pepsi,Tea,1000,2551,4498,-1947,1/25/2022,Miss Shelley Hall,North Dakota,Port Carolyn,30032,0-13-309344-1
Beer,Coca-Cola,Alcoholic,307,3271,7297,-4026,2/19/2023,Robert Rhodes,Montana,Lake Michaelhaven,35420,0-241-58177-X
Energy Drink,Pepsi,Soft Drink,243,6729,2992,3737,4/24/2020,Debra Mcbride,New Jersey,Montgomeryside,61846,1-4652-5773-X
Green Tea,Pepsi,Tea,368,2497,2357,140,12/25/2021,Melissa Carter,Arizona,New Darlene,97622,0-8015-4419-X
Coffee,Pepsi,Coffee,386,4250,2611,1639,12/12/2021,William Thompson,Louisiana,Erinburgh,72042,0-409-79261-6
Coffee,Pepsi,Coffee,779,6777,3194,3583,7/29/2020,Richard Simpson,Tennessee,New Marioburgh,46629,0-8326-2332-6
Cola,Coca-Cola,Soft Drink,391,3109,7183,-4074,6/13/2022,Dr. Wendy Foley,Maryland,East Jocelynhaven,49893,0-9545331-2-7
Green Tea,Dr. Pepper,Tea,434,6022,881,5141,3/3/2021,Mallory Curtis,California,West Anthony,70379,1-4124-0125-9
Wine,Coca-Cola,Alcoholic,945,2082,2786,-704,9/9/2020,Willie Jones,Colorado,Nancyland,38969,0-633-99721-8
Wine,Dr. Pepper,Alcoholic,513,3740,2642,1098,3/3/2020,Jeffrey Odonnell,Louisiana,Ramirezburgh,37875,0-513-00959-0
Lemonade,Coca-Cola,Soft Drink,133,2066,4850,-2784,4/21/2023,Lynn Jones,Connecticut,Noahmouth,87107,0-8113-5464-4
Lemonade,Coca-Cola,Soft Drink,129,5840,2713,3127,12/1/2021,Alexis Anderson,New York,South Robert,15412,0-7040-6207-0
Beer,Coca-Cola,Alcoholic,154,7924,4720,3204,8/30/2022,Daniel Perez,Illinois,New Brittanyhaven,23229,1-224-13191-6
Black Tea,Dr. Pepper,Tea,984,6774,7826,-1052,8/17/2022,Meghan Chavez,Nebraska,New Chrismouth,88285,0-7650-5690-9
Cola,Dr. Pepper,Soft Drink,493,6791,2222,4569,1/28/2021,Jaime Lopez,Arizona,North Melissa,2584,1-75651-593-X
Herbal Tea,Coca-Cola,Tea,769,7295,1079,6216,6/1/2020,Benjamin Gomez,Rhode Island,Jensenmouth,72294,0-345-16320-6
Green Tea,Coca-Cola,Tea,971,9822,3277,6545,1/15/2023,Diana Rivera,Tennessee,Brownburgh,66280,0-632-54010-9
Vodka,Dr. Pepper,Alcoholic,789,1813,4560,-2747,8/2/2021,Lauren Mooney,Arizona,Lake Kristiebury,38794,0-268-69991-7
Vodka,Dr. Pepper,Alcoholic,784,6037,6886,-849,2/16/2021,Michael Bennett,Georgia,Lake Rogermouth,6108,0-8225-0758-7
Green Tea,Pepsi,Tea,614,5497,7446,-1949,2/7/2020,David Nelson,New Jersey,Margaretmouth,75932,1-75607-032-6
Wine,Coca-Cola,Alcoholic,702,9307,7952,1355,2/26/2022,James Ferguson,Arkansas,East Traviston,4719,1-56451-337-8
Black Tea,Dr. Pepper,Tea,322,6088,1428,4660,4/10/2021,Caroline Williams,Florida,Karenhaven,57103,1-81899-705-3
Black Tea,Coca-Cola,Tea,386,8954,4345,4609,3/21/2022,Christopher Hardy,Rhode Island,South Peggy,32558,1-5038-5158-3
Black Tea,Dr. Pepper,Tea,129,7545,5125,2420,9/4/2020,William Coffey,Kentucky,New Shawn,81649,1-367-47292-X
Black Tea,Coca-Cola,Tea,438,4131,6023,-1892,4/26/2021,Ronald Reed,Rhode Island,Lake Christopher,98508,0-488-25714-X
Beer,Dr. Pepper,Alcoholic,979,5417,3853,1564,12/22/2020,Erin Mathews,Texas,South Lori,10369,1-894802-36-5
Black Tea,Pepsi,Tea,120,2007,1552,455,5/23/2020,Jaime Knight,Maine,South Janetport,4055,1-07-701534-8
Green Tea,Pepsi,Tea,299,2200,6299,-4099,12/14/2021,Ann Carroll,Hawaii,Smithchester,86390,1-85278-672-8
Wine,Dr. Pepper,Alcoholic,922,7431,5346,2085,10/20/2020,Elizabeth Williams,California,New Erikaland,38183,0-338-34938-3
Coffee,Dr. Pepper,Coffee,179,8551,2461,6090,10/28/2020,Sheila Walters,Kansas,Danielfort,4509,0-489-16995-3
Vodka,Dr. Pepper,Alcoholic,710,6769,7179,-410,12/31/2021,Kristin Ray,Utah,Romeroborough,97688,0-300-54469-3
Coffee,Coca-Cola,Coffee,842,9480,3203,6277,3/15/2021,John Larson,Iowa,South Hannah,83629,1-360-47620-2
Energy Drink,Pepsi,Soft Drink,310,7897,5676,2221,10/25/2022,Elizabeth Swanson,Kentucky,Lake Veronicachester,30230,0-352-12120-3
Black Tea,Coca-Cola,Tea,931,9699,1424,8275,6/30/2023,Sheri Evans,Georgia,Jamietown,70683,1-80512-020-4
Coffee,Pepsi,Coffee,346,4833,7053,-2220,4/14/2023,Sheena Young,Texas,Alisontown,59383,0-576-53586-9
Coffee,Dr. Pepper,Coffee,557,5692,4048,1644,3/28/2020,Christy Herring,Illinois,Port Sharonmouth,33477,0-414-02183-5
Beer,Dr. Pepper,Alcoholic,635,3434,866,2568,2/26/2023,Timothy Howard,Iowa,Caldwellbury,82006,1-358-79860-5
Herbal Tea,Coca-Cola,Tea,983,8032,3096,4936,5/13/2020,Theresa Navarro,Idaho,New Nathanhaven,29655,0-87772-341-9
Lemonade,Pepsi,Soft Drink,110,1684,6840,-5156,9/12/2021,Joshua Russell,Pennsylvania,Gabrielmouth,54785,1-4614-4802-6
Green Tea,Dr. Pepper,Tea,159,4639,4404,235,10/10/2022,Caroline Ramirez,Louisiana,Russellstad,46225,1-75801-942-5
Coffee,Dr. Pepper,Coffee,709,1217,4119,-2902,1/22/2022,Catherine Mcknight,New Mexico,Kennethtown,98106,0-522-74876-7
Beer,Dr. Pepper,Alcoholic,635,9605,6466,3139,7/26/2023,Mary Harris,Minnesota,Port Matthew,92954,0-266-35887-X
Energy Drink,Dr. Pepper,Soft Drink,467,2074,2387,-313,2/1/2020,Kevin Perez,Wyoming,South Elizabeth,41384,0-906539-04-8
Cola,Pepsi,Soft Drink,144,7832,1824,6008,1/12/2023,Chelsea Mcdonald,Oregon,Wilsontown,31830,1-68198-221-8
Green Tea,Pepsi,Tea,431,6626,7793,-1167,5/23/2023,Brian Fernandez,Missouri,Amberhaven,85933,1-55537-727-0
Wine,Coca-Cola,Alcoholic,210,2315,2465,-150,1/19/2023,Richard Bryan,Wyoming,Santanamouth,79954,0-644-01892-5
Wine,Dr. Pepper,Alcoholic,115,5751,1381,4370,1/26/2021,Russell Olson,Connecticut,South Dakota,62998,0-290-23134-5
Green Tea,Pepsi,Tea,581,2419,3880,-1461,7/13/2021,Levi Jones,New Hampshire,Barberburgh,94914,1-241-20051-3
Green Tea,Pepsi,Tea,949,1936,4353,-2417,2/4/2022,Rebecca Johnson,Missouri,Fordfort,65499,1-01-539518-X
Coffee,Coca-Cola,Coffee,141,2985,1008,1977,2/22/2020,John Barron,Nebraska,Matthewville,99837,0-669-27687-1
Energy Drink,Pepsi,Soft Drink,753,1570,6854,-5284,2/5/2022,Shirley Harris,South Carolina,Lake Meghan,38655,0-345-44007-2
Lemonade,Coca-Cola,Soft Drink,351,7249,4564,2685,9/27/2020,Julie Abbott,West Virginia,Lake Michaelton,58215,1-4947-0573-7
Lemonade,Pepsi,Soft Drink,835,1491,4183,-2692,5/17/2022,William Jackson,Louisiana,West Stephaniefort,72848,1-187-75711-X
Black Tea,Dr. Pepper,Tea,992,9502,4972,4530,2/21/2021,Derrick Juarez,California,South Kennethstad,99178,1-9796-5962-1
Green Tea,Dr. Pepper,Tea,620,6656,3189,3467,8/14/2022,Joshua Davis,South Dakota,East Elizabeth,6123,1-04-963374-1
Vodka,Dr. Pepper,Alcoholic,557,8066,2813,5253,12/23/2020,Adam Pearson,Louisiana,West Henry,5171,0-287-21848-1
Herbal Tea,Dr. Pepper,Tea,566,5231,5697,-466,9/28/2022,Justin Skinner,Illinois,Katrinaton,7429,1-07-764240-7
Coffee,Dr. Pepper,Coffee,804,6891,7284,-393,6/7/2023,Robert Elliott,South Carolina,Jonesmouth,1796,0-639-13715-6
Vodka,Pepsi,Alcoholic,851,7613,6839,774,2/2/2020,Richard Donaldson,Arizona,Pricetown,66075,1-82308-117-7
Green Tea,Dr. Pepper,Tea,502,6365,7156,-791,8/11/2021,David Bond,Massachusetts,Jonesberg,87869,0-8037-6739-0
Cola,Dr. Pepper,Soft Drink,996,9984,7620,2364,6/25/2020,Brian White,Arkansas,West Terri,70468,0-944901-55-7
Black Tea,Pepsi,Tea,496,2144,4347,-2203,1/22/2020,Debra Thompson,Alaska,Robertmouth,32535,1-06-394958-0
Beer,Coca-Cola,Alcoholic,994,8872,5988,2884,4/3/2021,Joshua Brown,Florida,Markview,75840,1-86769-029-2
Wine,Pepsi,Alcoholic,599,5241,4132,1109,7/27/2023,Bethany Jones,Missouri,Brooksport,73066,1-994128-76-3
Wine,Dr. Pepper,Alcoholic,598,2281,2588,-307,10/26/2022,Michael Lee,Nebraska,West Mariabury,5114,1-871365-96-1
Vodka,Coca-Cola,Alcoholic,281,7574,7548,26,5/1/2022,Lindsey Benton,Nevada,Patrickhaven,19830,0-10-971620-5
Black Tea,Dr. Pepper,Tea,709,6204,6003,201,12/17/2021,Julie Powell,Texas,Richardton,16230,1-5185-4963-2
Green Tea,Coca-Cola,Tea,557,7417,5036,2381,12/24/2020,James Russell,New Mexico,Ramirezstad,64611,0-11-582033-7
Green Tea,Dr. Pepper,Tea,501,4268,3897,371,11/28/2020,Heidi Richardson,Maryland,New Larry,77472,1-290-84904-8
Wine,Coca-Cola,Alcoholic,527,4549,7880,-3331,4/9/2023,Steven Brown,Oregon,West Adrianmouth,82036,0-458-84667-8
Energy Drink,Pepsi,Soft Drink,321,9934,7401,2533,3/13/2020,Christy Page,Pennsylvania,Nashmouth,48464,1-184-14086-3
Herbal Tea,Dr. Pepper,Tea,904,8285,1955,6330,10/31/2020,Jordan Rodriguez,Oregon,Catherinechester,54051,0-316-36992-6
Energy Drink,Dr. Pepper,Soft Drink,296,3259,5923,-2664,10/1/2020,Ryan Cooke,Texas,Kathrynburgh,4379,0-14-833604-3
Beer,Dr. Pepper,Alcoholic,954,3608,6682,-3074,11/16/2022,Henry Haley,Hawaii,Brownbury,23980,1-65747-674-X
Wine,Pepsi,Alcoholic,540,6840,995,5845,9/5/2020,Andrea Munoz,Arizona,East Joshuaport,80676,1-84840-130-2
Wine,Coca-Cola,Alcoholic,131,9527,5983,3544,7/2/2021,Manuel Wilkinson,South Dakota,Debrafort,48566,0-299-73694-6
Beer,Pepsi,Alcoholic,741,4533,5915,-1382,5/11/2022,Nicole Lambert,Michigan,Smithberg,88053,1-60525-244-1
Wine,Pepsi,Alcoholic,626,3550,2691,859,10/29/2020,Sarah Thompson,Maine,Fischerburgh,50841,1-367-66669-4
Herbal Tea,Dr. Pepper,Tea,321,7085,4818,2267,7/12/2022,Jacob Ramirez,Idaho,Mathisburgh,39553,1-70113-798-4
Green Tea,Pepsi,Tea,856,4471,1241,3230,2/27/2020,Sarah Davis,New Mexico,Annaside,36683,0-466-34618-2
Green Tea,Dr. Pepper,Tea,501,1973,1687,286,4/27/2021,Bill Ryan,Connecticut,East Williamland,38939,0-655-63347-2
Beer,Dr. Pepper,Alcoholic,915,6238,1619,4619,4/16/2021,Alan Espinoza,Wyoming,North Dillonfurt,26458,1-07-587646-X
Vodka,Coca-Cola,Alcoholic,734,7236,6861,375,8/5/2020,Christine Duncan,South Dakota,Garciaville,31497,0-15-125927-5
Black Tea,Coca-Cola,Tea,186,6420,2452,3968,3/28/2023,Alicia Williams,Texas,East Amyland,32269,1-4155-9985-8
Cola,Pepsi,Soft Drink,716,2364,3492,-1128,6/14/2020,Mr. Gregory Kim,Arizona,Davisfort,28273,0-7512-6358-3
Cola,Dr. Pepper,Soft Drink,546,2071,1576,495,1/8/2022,Jeffrey Martinez,North Carolina,Lake Aaron,97313,1-112-33150-6
Energy Drink,Dr. Pepper,Soft Drink,114,1433,2354,-921,1/11/2020,Tyler Montgomery,Rhode Island,East Michael,26071,0-12-451261-5
Beer,Coca-Cola,Alcoholic,373,2948,7273,-4325,10/11/2022,Madison Mendez,Florida,Paulabury,5107,0-88976-570-7
Lemonade,Coca-Cola,Soft Drink,188,5960,2500,3460,5/28/2023,Erin Bentley,Oregon,Salazarville,67264,1-318-70643-2
Herbal Tea,Pepsi,Tea,269,2706,5442,-2736,4/14/2020,Eric Townsend,South Dakota,New Tammy,20026,0-7162-2661-8
Energy Drink,Coca-Cola,Soft Drink,519,9973,844,9129,7/27/2020,Brandon Anderson,New Hampshire,Harveyhaven,73095,1-226-73625-4
Beer,Coca-Cola,Alcoholic,944,4394,7174,-2780,7/24/2021,Jennifer Mason,North Dakota,Kelleyton,4388,0-06-914139-8
Energy Drink,Pepsi,Soft Drink,203,2564,6083,-3519,5/28/2021,Jeff Perez,North Dakota,Leeview,39721,1-9801-6480-0
Herbal Tea,Dr. Pepper,Tea,158,3640,5631,-1991,7/3/2023,Julie Martinez,Colorado,Lake Rebecca,82803,0-264-99291-1
Vodka,Coca-Cola,Alcoholic,171,8154,6636,1518,3/27/2020,Teresa Mathews,Wisconsin,Port Ellenton,68009,0-7328-3472-4
Black Tea,Coca-Cola,Tea,435,1270,5793,-4523,3/10/2023,Andrew Cochran,Louisiana,Meghanville,32093,1-316-52007-2
Beer,Dr. Pepper,Alcoholic,316,6739,4069,2670,6/13/2021,Wanda Johnson,Montana,Velezbury,67247,1-06-909589-3
Green Tea,Pepsi,Tea,515,9991,6734,3257,11/20/2022,Brenda Hart,Indiana,Gibsonberg,66625,1-149-53073-1
Energy Drink,Dr. Pepper,Soft Drink,643,7726,3798,3928,1/30/2023,Molly Griffin,North Carolina,Coleburgh,42256,1-4311-1111-2
Cola,Pepsi,Soft Drink,441,1414,514,900,4/26/2022,Jeffery Rojas,Georgia,Shawnbury,19073,0-564-13164-4
Black Tea,Pepsi,Tea,232,8894,4678,4216,7/28/2020,Amy Gonzalez,Virginia,Harveyton,70214,0-682-74659-2
Coffee,Pepsi,Coffee,167,1766,7329,-5563,6/12/2020,Dalton Bush,Washington,Jodimouth,73187,0-275-69252-3
Energy Drink,Coca-Cola,Soft Drink,736,1314,4338,-3024,2/23/2021,Madison Rosales,Illinois,New Cynthiatown,48318,1-353-30030-7
Wine,Coca-Cola,Alcoholic,912,3488,3957,-469,5/28/2023,Steven Jones,Arizona,Kaitlynton,87165,1-82235-781-0
Wine,Coca-Cola,Alcoholic,181,9413,1997,7416,3/17/2023,Joshua Stokes,Indiana,East Shauntown,63671,0-05-045403-X
Black Tea,Coca-Cola,Tea,827,6779,1217,5562,4/10/2022,Chad Reyes,New York,Port Donnatown,6113,1-08-016094-9
Vodka,Coca-Cola,Alcoholic,553,7718,3421,4297,9/20/2022,Joseph Adams,Illinois,Jonathanborough,97422,1-901287-31-9
Wine,Dr. Pepper,Alcoholic,545,1967,6554,-4587,1/10/2022,Dawn Melton,Oregon,East Lynn,72142,1-5233-9478-1
Herbal Tea,Pepsi,Tea,135,1642,4619,-2977,9/12/2021,James Adams,New Hampshire,Alexanderberg,40589,1-63769-184-X
Black Tea,Pepsi,Tea,891,9282,6383,2899,1/11/2022,Sarah Perez,Rhode Island,Michaelside,76315,0-684-41426-0
Vodka,Dr. Pepper,Alcoholic,184,4326,3221,1105,5/10/2023,Paul Pham,Louisiana,Ryanland,8531,0-585-28452-0
Black Tea,Coca-Cola,Tea,329,7934,3945,3989,3/8/2021,Catherine Keller,Pennsylvania,Lake Adam,71660,0-7812-5438-8
Coffee,Coca-Cola,Coffee,529,8446,3180,5266,2/23/2022,Judith Coleman,Texas,Alantown,79550,1-86939-947-1
Green Tea,Dr. Pepper,Tea,723,8932,1084,7848,2/17/2021,Matthew Preston,Alabama,Patriciaton,99761,1-80397-673-X
Black Tea,Pepsi,Tea,349,6439,816,5623,4/22/2021,Justin Yoder,Arkansas,Duranhaven,19800,1-272-58535-2
Herbal Tea,Dr. Pepper,Tea,254,8574,4024,4550,8/25/2021,Mrs. Wendy Gardner,Colorado,Perezhaven,57687,1-60880-577-8
Black Tea,Coca-Cola,Tea,427,9753,5676,4077,5/16/2023,Morgan Jenkins,Utah,West Alfredtown,19914,0-360-57090-9
Wine,Pepsi,Alcoholic,683,1568,560,1008,6/11/2022,Vincent Turner,Arkansas,North Kennethmouth,32519,0-85887-564-0
Energy Drink,Coca-Cola,Soft Drink,913,9507,1078,8429,1/26/2021,Matthew Byrd,New Hampshire,Port Ashleyland,71608,1-7350251-5-1
Energy Drink,Coca-Cola,Soft Drink,866,7044,3415,3629,7/30/2020,Jennifer Cunningham,Nevada,West Angela,29179,0-371-14069-2
Vodka,Coca-Cola,Alcoholic,156,7270,7615,-345,3/17/2022,Anna George,Rhode Island,Wardton,39399,1-67872-738-5
Vodka,Coca-Cola,Alcoholic,391,5381,7758,-2377,1/11/2022,Michael Washington,New York,Thomasside,80004,0-507-24994-1
Coffee,Pepsi,Coffee,194,9293,6230,3063,9/16/2020,Tammy Scott,Arizona,East Gabrielfurt,36629,1-63359-880-2
Herbal Tea,Coca-Cola,Tea,760,8378,6257,2121,6/16/2022,Matthew Perry,Florida,Hunterburgh,32667,1-9870-3120-2
Cola,Pepsi,Soft Drink,782,8136,1098,7038,3/7/2023,David Salazar,Louisiana,East Jillburgh,95807,0-389-04927-1
Beer,Dr. Pepper,Alcoholic,889,2546,6273,-3727,5/28/2021,Michelle Wolf,Wyoming,South Chadborough,22779,1-5013-2152-8
Coffee,Pepsi,Coffee,172,7821,2591,5230,8/22/2020,Margaret Trujillo,Tennessee,North Scottburgh,91449,1-345-90838-5
Coffee,Dr. Pepper,Coffee,126,4420,614,3806,2/4/2022,Zachary Morton,Nevada,New Billymouth,5476,1-186-48147-1
Coffee,Dr. Pepper,Coffee,517,1685,1400,285,1/30/2022,Dr. Eric Jimenez,Rhode Island,Johnsonshire,42159,0-265-05143-6
Herbal Tea,Pepsi,Tea,183,5849,1349,4500,11/28/2022,Steve Stewart,Mississippi,Clarkfurt,3330,0-7020-2728-6
Coffee,Pepsi,Coffee,833,2665,5465,-2800,7/31/2020,Thomas Mckee,Georgia,West Susan,70632,0-8165-1136-5
Wine,Dr. Pepper,Alcoholic,939,7184,972,6212,2/10/2022,Zachary Dickson Jr.,Texas,East Jamestown,10821,1-67440-760-2
Lemonade,Coca-Cola,Soft Drink,347,9742,7466,2276,2/13/2021,Nicole Miller MD,Colorado,South Jacob,67254,0-585-90452-9
Cola,Coca-Cola,Soft Drink,928,8893,851,8042,9/9/2021,Donna Thompson,New York,Hornfort,51049,1-177-88144-6
Beer,Dr. Pepper,Alcoholic,636,8510,1504,7006,1/4/2020,Douglas Johnson,Iowa,Myersfort,16589,1-4298-2224-4
Black Tea,Pepsi,Tea,259,6997,5274,1723,4/16/2023,Taylor Coleman,Minnesota,Lake David,50027,0-18-233701-4
Coffee,Coca-Cola,Coffee,944,6308,6450,-142,5/11/2020,Samuel Monroe,Minnesota,Port Amber,35374,1-396-66494-7
Cola,Dr. Pepper,Soft Drink,630,5378,2045,3333,1/30/2023,Tiffany Rodriguez,Hawaii,Melissamouth,86210,1-69661-506-2
Lemonade,Coca-Cola,Soft Drink,179,4058,4842,-784,3/27/2020,Anthony Simon,Connecticut,Port Anitashire,70731,1-223-58538-7
Black Tea,Coca-Cola,Tea,941,6236,6203,33,11/25/2020,Aaron Goodman,South Dakota,East Wyattstad,97350,0-227-43443-9
Black Tea,Pepsi,Tea,118,1459,6660,-5201,10/24/2021,Virginia Mccormick,South Dakota,Garybury,65619,1-876576-47-2
Beer,Coca-Cola,Alcoholic,991,7185,5520,1665,4/25/2020,Kristi Cox,Massachusetts,South Elizabethstad,8602,0-03-312031-5
Beer,Dr. Pepper,Alcoholic,170,2075,5014,-2939,9/3/2021,Victoria Martin,New Jersey,Sharonport,97429,1-235-08766-2
Beer,Pepsi,Alcoholic,373,9736,6211,3525,2/10/2022,Dustin Ward,Washington,Shepardton,66163,1-75548-710-X
Energy Drink,Pepsi,Soft Drink,628,4911,7418,-2507,7/2/2023,Debbie Zimmerman,Florida,Joshuahaven,19779,1-291-34431-4
Vodka,Coca-Cola,Alcoholic,824,1086,5119,-4033,6/12/2023,Felicia Jones,Connecticut,Smithstad,61614,0-7784-3406-0
Green Tea,Coca-Cola,Tea,382,3128,4648,-1520,1/4/2021,Jason Cisneros,New Hampshire,Nicholasstad,23454,0-425-38534-5
Lemonade,Pepsi,Soft Drink,296,3551,2607,944,10/20/2021,Clinton Castillo,North Dakota,Phillipstown,6083,0-339-81776-3
Cola,Pepsi,Soft Drink,561,4787,3546,1241,7/12/2023,Theresa Hernandez,Colorado,Sparksmouth,7148,0-248-41144-6
Vodka,Dr. Pepper,Alcoholic,727,3006,1018,1988,8/23/2021,William Jackson,Mississippi,Buchananchester,68046,0-8046-2195-0
Wine,Coca-Cola,Alcoholic,415,6506,4388,2118,9/27/2022,Lee Glenn,New York,East Robinborough,28003,0-272-30044-6
Coffee,Dr. Pepper,Coffee,743,7845,5987,1858,1/6/2022,Bradley Jackson,Michigan,Stevensberg,48779,1-08-988339-0
Vodka,Coca-Cola,Alcoholic,404,3700,2326,1374,12/23/2021,James Whitaker,Connecticut,South Garychester,12656,1-317-47592-5
Energy Drink,Coca-Cola,Soft Drink,896,5211,2833,2378,5/18/2022,Michael Green,South Carolina,Mooreton,37536,0-85862-943-7
Wine,Coca-Cola,Alcoholic,941,4770,2618,2152,8/4/2021,Valerie Barry,Mississippi,Brendaburgh,45725,0-421-45589-6
Herbal Tea,Coca-Cola,Tea,152,4934,3527,1407,10/5/2020,Adam Anderson,Mississippi,Lake Kurtshire,1250,1-217-79123-X
Wine,Coca-Cola,Alcoholic,909,5479,1858,3621,9/17/2020,Justin Arnold,New York,Curtischester,8882,1-77604-581-5
Black Tea,Pepsi,Tea,255,6902,7610,-708,9/7/2020,Erica Wolf,Idaho,Morganburgh,8944,0-333-13749-3
Beer,Coca-Cola,Alcoholic,231,2494,7494,-5000,3/16/2021,Charles Ward,Rhode Island,Summersfurt,50736,1-01-947990-6
Energy Drink,Dr. Pepper,Soft Drink,830,4057,2975,1082,4/21/2022,Kelly Williamson,Connecticut,Thomasmouth,98912,1-79404-233-4
Vodka,Pepsi,Alcoholic,512,3750,1388,2362,9/30/2022,Amanda Cardenas,Iowa,East Kayla,79233,1-181-22404-7
Cola,Dr. Pepper,Soft Drink,519,8114,1608,6506,6/17/2021,Nicole Austin,New Mexico,New Tabitha,30195,1-61734-702-7
Vodka,Pepsi,Alcoholic,434,4544,3555,989,3/5/2020,Jonathan Sawyer,Colorado,West Gregory,97381,1-81403-406-4
Cola,Coca-Cola,Soft Drink,942,9350,1382,7968,7/26/2022,Howard Roberts,Wyoming,North Linda,28875,0-7002-7456-1
Green Tea,Coca-Cola,Tea,590,7767,4381,3386,10/15/2020,Jaime Thompson,Rhode Island,West Shirley,71892,1-5058-0558-9
Black Tea,Pepsi,Tea,110,2426,6427,-4001,12/3/2020,Jeffrey Stone,Minnesota,Johnsonborough,32163,0-9616311-9-8
Herbal Tea,Dr. Pepper,Tea,688,9876,5014,4862,3/22/2020,Dr. Darren Barr,Kentucky,South Priscilla,73020,0-10-777579-4
Energy Drink,Pepsi,Soft Drink,466,8891,2459,6432,12/22/2021,Edward Jefferson,Texas,New Christian,70148,1-183-63539-7
Wine,Dr. Pepper,Alcoholic,784,2135,4394,-2259,9/8/2021,Anita Hudson,Mississippi,Ronaldmouth,19817,0-485-12147-6
Wine,Coca-Cola,Alcoholic,484,8311,3113,5198,7/9/2023,Sara Thompson,Iowa,Sanchezchester,15975,1-76029-495-0
Wine,Pepsi,Alcoholic,901,3819,7130,-3311,7/22/2021,William Joseph,Colorado,Brittanyview,2874,0-493-29223-3
Black Tea,Dr. Pepper,Tea,160,7770,2679,5091,8/23/2020,Amy Kramer,Hawaii,Christinafort,37707,1-5336-4057-2
Energy Drink,Pepsi,Soft Drink,339,1478,3100,-1622,8/31/2020,Jesus Williams,Maine,Port Heatherburgh,81604,1-4196-1290-5
Cola,Pepsi,Soft Drink,834,4723,4383,340,12/8/2020,Nichole Fleming,Nebraska,East Stephen,29730,0-410-19574-X
Cola,Coca-Cola,Soft Drink,431,7666,5486,2180,3/23/2021,Justin Moore,Nevada,West Amy,21052,1-76107-883-6
Coffee,Coca-Cola,Coffee,346,6352,7807,-1455,4/4/2021,Jennifer Butler,North Dakota,North Michele,83793,1-86597-876-0
Energy Drink,Dr. Pepper,Soft Drink,415,1362,3952,-2590,7/5/2020,Charles Farrell,Michigan,Beltranmouth,4977,1-968751-98-X
Cola,Pepsi,Soft Drink,231,4556,1359,3197,12/10/2021,Robert Salas,Colorado,South Derrick,71009,1-74325-520-9
Energy Drink,Pepsi,Soft Drink,697,2881,1180,1701,10/3/2020,Glenda Smith,South Carolina,New Jasonberg,58509,1-172-53848-4
Cola,Pepsi,Soft Drink,599,8244,6518,1726,8/31/2021,Kayla Brooks,Montana,West April,99560,0-208-09832-1
Cola,Coca-Cola,Soft Drink,577,4690,5384,-694,9/14/2020,Dominique Rodriguez,Maryland,Amberberg,82458,1-55109-407-X
Green Tea,Dr. Pepper,Tea,545,6277,3201,3076,9/14/2020,Joseph King,Connecticut,Charlesshire,29417,0-271-65701-4
Wine,Pepsi,Alcoholic,512,8928,2231,6697,6/27/2023,Taylor Hicks DVM,Tennessee,Smithton,89251,0-7870-9724-1
Herbal Tea,Dr. Pepper,Tea,918,1001,1218,-217,1/7/2023,Elizabeth Kim,Wisconsin,Port Brittany,67355,0-414-08904-9
Beer,Pepsi,Alcoholic,137,6623,1380,5243,2/7/2022,Melissa Alexander,Arizona,Karlaburgh,34985,0-8465-5848-3
Green Tea,Dr. Pepper,Tea,555,2445,1656,789,1/24/2023,Robert Weaver,New Hampshire,Gailfurt,78399,1-5199-0999-3
Lemonade,Coca-Cola,Soft Drink,183,9760,4866,4894,12/9/2021,Courtney Williams,Texas,West Charles,68080,1-347-13064-0
Beer,Pepsi,Alcoholic,350,6617,5100,1517,4/28/2021,Yolanda Williams,Virginia,West Mary,57630,0-7257-1739-4
Herbal Tea,Coca-Cola,Tea,224,5549,703,4846,6/2/2022,Bethany Hale,Tennessee,Matthewfurt,28734,1-63124-884-7
Beer,Dr. Pepper,Alcoholic,588,7391,3781,3610,2/9/2021,Don Shea,Mississippi,Zacharyshire,56192,0-490-29707-2
Green Tea,Pepsi,Tea,878,5173,7575,-2402,7/2/2020,Jessica Hart,New Jersey,Lake Jessicachester,65650,1-02-601789-0
Beer,Coca-Cola,Alcoholic,285,3051,5727,-2676,6/2/2020,Tiffany Freeman,Nevada,Lisatown,89616,1-953767-60-5
Beer,Dr. Pepper,Alcoholic,577,6399,6474,-75,3/31/2021,Warren Burton,Missouri,Port Lauren,46928,1-899790-64-0
Beer,Coca-Cola,Alcoholic,581,6310,6526,-216,8/23/2020,Kenneth Horn,Nevada,Tinamouth,30100,0-662-34240-2
Beer,Pepsi,Alcoholic,245,1198,6691,-5493,6/3/2020,Ricky Todd,Massachusetts,East Alexander,51364,1-03-288037-6
Coffee,Dr. Pepper,Coffee,673,9006,6925,2081,3/28/2022,Emily Parker,Illinois,Amyfurt,89199,1-7385839-1-0
Black Tea,Pepsi,Tea,766,5249,6587,-1338,1/4/2021,Tara Mitchell,Virginia,Rogersbury,4429,1-4739-4475-9
Green Tea,Dr. Pepper,Tea,209,6976,7508,-532,6/29/2023,Tiffany Wiggins,New Mexico,South Jessica,66244,0-8128-0797-9
Green Tea,Pepsi,Tea,615,8113,6851,1262,2/18/2022,Joyce Perez,North Dakota,Port Theresaland,19455,1-03-348514-4
Green Tea,Coca-Cola,Tea,796,3995,4105,-110,7/15/2023,Clarence Ortiz,Hawaii,Williamview,51450,1-992643-19-9
Wine,Coca-Cola,Alcoholic,804,5288,4816,472,1/29/2020,Elizabeth Leach,Iowa,Lake Joseville,6192,0-623-65380-X
Lemonade,Dr. Pepper,Soft Drink,174,8991,5168,3823,6/4/2021,Kevin Johnson,Montana,East Danielle,1310,1-68689-583-6
Beer,Coca-Cola,Alcoholic,324,5100,6260,-1160,3/12/2020,Manuel Johnson,New Hampshire,West Michael,50294,1-933794-01-1
Wine,Coca-Cola,Alcoholic,373,5633,6440,-807,3/26/2020,Kelly West,Alaska,East Kathleenmouth,84323,1-01-257474-1
Vodka,Pepsi,Alcoholic,642,4220,1869,2351,12/11/2022,John Chandler,Washington,Michaelborough,84667,1-04-555559-2
Wine,Pepsi,Alcoholic,799,2423,6603,-4180,9/21/2022,Michael Ramirez,Kansas,Codymouth,26505,1-55388-872-3
Cola,Pepsi,Soft Drink,923,3603,1725,1878,9/7/2021,Christopher Barajas,Iowa,Princeborough,96800,0-694-50369-X
Vodka,Pepsi,Alcoholic,147,1739,3240,-1501,2/6/2022,Dennis Sanchez,Louisiana,Penningtonville,59420,0-223-47234-4
Cola,Coca-Cola,Soft Drink,737,4355,4854,-499,3/23/2022,Kyle Schmidt,Washington,New Joseph,67363,0-598-22671-0
Energy Drink,Dr. Pepper,Soft Drink,335,1916,7378,-5462,12/29/2020,Jeremy Peters,Ohio,New Matthewchester,85794,0-436-02395-4
Cola,Dr. Pepper,Soft Drink,591,3613,5535,-1922,6/10/2022,Julie Carrillo,Idaho,Andrewbury,5339,1-4096-6142-3
Green Tea,Coca-Cola,Tea,567,1970,1149,821,9/11/2021,Miguel Allen,Delaware,Escobarmouth,20011,0-336-60400-9
Vodka,Dr. Pepper,Alcoholic,854,7641,3370,4271,1/20/2020,Bradley Cain,South Dakota,East Jessica,50797,1-84500-864-2
Cola,Pepsi,Soft Drink,236,9143,516,8627,12/28/2022,Kevin Dominguez,Arkansas,Loriborough,94233,1-01-135309-1
Herbal Tea,Coca-Cola,Tea,284,3923,4282,-359,1/17/2022,Alexander Mullins,Nebraska,North Teresaview,83337,1-118-22855-3
Herbal Tea,Coca-Cola,Tea,509,4501,5284,-783,7/23/2022,Sabrina Campbell,Arkansas,South Tyler,50933,0-8063-9221-5
Green Tea,Dr. Pepper,Tea,855,8339,3540,4799,2/2/2023,Carolyn Williams,Tennessee,West Douglasside,36925,0-386-00677-6
Green Tea,Pepsi,Tea,369,5555,7770,-2215,8/2/2020,Leslie Valdez,Indiana,New Michael,73115,0-327-61024-7
Energy Drink,Dr. Pepper,Soft Drink,434,1955,1011,944,7/22/2023,Kimberly Lopez,Maryland,Port Anthony,8854,1-387-74940-4
Lemonade,Coca-Cola,Soft Drink,456,7574,564,7010,12/1/2022,Shelly Kim,Maryland,Beckville,48101,0-658-70806-6
Vodka,Coca-Cola,Alcoholic,334,6265,7339,-1074,6/26/2022,Daniel Harper,South Dakota,Kathystad,30798,1-989143-21-0
Green Tea,Pepsi,Tea,359,3675,2650,1025,9/5/2022,Christina Luna,New Mexico,Carrollchester,6357,1-902331-68-0
Black Tea,Pepsi,Tea,167,1627,3602,-1975,3/31/2023,Molly Carr,Illinois,South Shawnmouth,55544,0-935474-04-8
Beer,Pepsi,Alcoholic,325,1098,5657,-4559,1/16/2021,Thomas Wagner,Kentucky,Garrettview,81619,1-4576-9821-8
Vodka,Dr. Pepper,Alcoholic,934,2437,769,1668,5/17/2020,Bradley Lopez,Mississippi,Lucashaven,82946,0-13-217481-2
Herbal Tea,Dr. Pepper,Tea,531,3456,5679,-2223,11/7/2020,Stacy Davis,New Mexico,West Janiceview,85378,0-87909-310-2
Lemonade,Dr. Pepper,Soft Drink,213,6896,3473,3423,8/26/2022,Shelly Sanford,Oklahoma,Stanleyland,58186,0-406-39790-2
Green Tea,Coca-Cola,Tea,124,5904,2654,3250,2/6/2022,Timothy Harvey,Massachusetts,Lake Theresaberg,61687,1-4187-8119-3
Herbal Tea,Coca-Cola,Tea,282,7462,6228,1234,3/12/2020,Rebecca Perkins,South Carolina,Lake Jeanland,99869,0-11-801092-1
Vodka,Coca-Cola,Alcoholic,195,4791,4292,499,5/31/2023,Rachel Rivera,Louisiana,Amymouth,65691,0-313-97016-5
Energy Drink,Dr. Pepper,Soft Drink,821,2609,2816,-207,1/15/2023,Joseph Giles,Delaware,North Evelyn,20005,0-209-00595-5
Lemonade,Coca-Cola,Soft Drink,732,1987,6946,-4959,1/6/2022,Justin Allen,Alabama,Millerland,5422,0-336-32504-5
Wine,Pepsi,Alcoholic,574,1310,1287,23,8/10/2022,Cameron Mcgee,Vermont,Michaelmouth,5441,0-210-51742-5
Wine,Dr. Pepper,Alcoholic,771,3902,7670,-3768,5/24/2020,Michael Long,Nebraska,Port Jason,99716,0-87355-397-7
Black Tea,Pepsi,Tea,697,8287,985,7302,8/17/2020,Danielle Lee,South Carolina,Port Tammy,51279,1-4226-4781-1
Energy Drink,Pepsi,Soft Drink,796,5936,1191,4745,1/16/2023,Nathan Braun,Utah,Garrettview,21109,0-692-31361-3
Wine,Coca-Cola,Alcoholic,962,1854,3394,-1540,1/30/2022,Bruce James,New Mexico,North Jasonport,96841,0-16-773737-6
Cola,Coca-Cola,Soft Drink,984,3494,4032,-538,7/9/2021,Mark Wood,New Jersey,Lake Rachel,76589,1-321-17539-6
Herbal Tea,Coca-Cola,Tea,373,5076,3597,1479,6/6/2022,Andrew Lane,Rhode Island,South Omarchester,73100,0-678-81213-6
Vodka,Coca-Cola,Alcoholic,596,2555,1898,657,1/10/2021,Tyler Mckinney,Alaska,Gardnerberg,54986,0-555-70974-4
Black Tea,Dr. Pepper,Tea,721,9220,769,8451,6/19/2022,Steven Young,Oklahoma,North Jimmyfort,39739,0-9792487-4-4
Wine,Dr. Pepper,Alcoholic,406,4348,1978,2370,7/12/2021,Hunter Hernandez MD,Illinois,Lake Patricia,3783,0-640-11891-7
Lemonade,Coca-Cola,Soft Drink,344,6011,3676,2335,11/10/2021,Hannah Cooper,Georgia,Jefferyhaven,58087,0-89879-713-6
Black Tea,Coca-Cola,Tea,295,2579,718,1861,12/19/2022,Gloria Shields,Colorado,West Jacob,87077,0-417-47166-1
Energy Drink,Dr. Pepper,Soft Drink,796,6019,6520,-501,12/23/2020,Heather Davis,South Carolina,North Chadshire,30746,1-72562-748-5
Black Tea,Coca-Cola,Tea,417,2834,2517,317,2/3/2020,James Jordan,South Carolina,Michaelbury,37011,1-371-17159-9
Energy Drink,Pepsi,Soft Drink,395,2165,4397,-2232,11/19/2022,Melissa Davis,Massachusetts,Lake Deanna,29490,1-134-97374-8
Lemonade,Dr. Pepper,Soft Drink,334,2056,892,1164,8/23/2022,Kenneth Rogers,New Jersey,Lake Dana,25506,0-8216-0863-0
Black Tea,Coca-Cola,Tea,321,7804,2776,5028,2/18/2020,Robert Howard,Alaska,West Rebeccabury,82808,1-922639-50-8
Vodka,Dr. Pepper,Alcoholic,162,3607,2751,856,4/10/2021,Miranda Vaughn,Maine,West Ronaldberg,33971,1-879104-62-8
Green Tea,Dr. Pepper,Tea,733,6716,3428,3288,5/17/2020,Matthew Thomas,Hawaii,North Danielle,15735,1-59822-291-0
Beer,Pepsi,Alcoholic,526,5874,2717,3157,2/23/2020,Ariel Morrison,Minnesota,Tonyafurt,99845,0-273-75793-8
Cola,Pepsi,Soft Drink,948,6582,1917,4665,9/12/2020,Megan Phillips,Iowa,Port Tracy,6100,0-599-76625-5
Black Tea,Coca-Cola,Tea,371,5976,2890,3086,10/6/2021,Ivan Smith,North Carolina,Katietown,48332,0-378-23731-4
Cola,Coca-Cola,Soft Drink,141,5715,2989,2726,5/23/2021,James Farmer,Iowa,Lake Sharon,68048,0-396-23657-X
Cola,Dr. Pepper,Soft Drink,426,2489,1271,1218,11/1/2021,Mark Ferguson,Maryland,Greenebury,73091,1-932341-01-3
Vodka,Pepsi,Alcoholic,163,7688,2124,5564,6/19/2021,Kimberly Sanchez,Arkansas,Lake Erica,70416,0-911899-28-6
Lemonade,Pepsi,Soft Drink,934,6022,2334,3688,4/28/2022,Megan Wheeler,Connecticut,Kellyside,1361,1-871581-58-3
Lemonade,Coca-Cola,Soft Drink,495,4340,1039,3301,7/30/2021,Tina Nelson,Rhode Island,New Jeffreyshire,43884,0-7637-4413-1
Wine,Pepsi,Alcoholic,648,9631,2631,7000,11/15/2022,Elizabeth Cox,Hawaii,Brendastad,31989,0-13-703823-2
Vodka,Pepsi,Alcoholic,147,1944,5721,-3777,12/18/2022,Kyle Lane,Minnesota,Jameshaven,36832,0-600-92922-1
Vodka,Coca-Cola,Alcoholic,297,5953,5749,204,6/24/2020,Andrew Morgan,Utah,Williamborough,25331,1-00-693495-2
Lemonade,Coca-Cola,Soft Drink,194,2678,1906,772,3/4/2022,Christina Frazier,Vermont,Howardmouth,72510,1-5317-1217-7
Green Tea,Dr. Pepper,Tea,478,2598,7930,-5332,6/12/2021,Jennifer Smith,Michigan,Caldwellhaven,19549,1-4357-1204-8
Energy Drink,Coca-Cola,Soft Drink,289,8836,2991,5845,5/12/2020,Brittany Howe,Georgia,Brownview,3710,0-639-24642-7
Lemonade,Coca-Cola,Soft Drink,366,1276,1498,-222,9/8/2021,James Brown,Wyoming,Youngland,83588,1-9733-1665-X
Cola,Coca-Cola,Soft Drink,796,1937,6875,-4938,8/1/2021,Kelsey Barker,Delaware,Melindaland,2938,0-9873759-8-9
Coffee,Pepsi,Coffee,263,7658,3617,4041,7/8/2020,Sean Baker,Iowa,Lake Aprilfort,26757,0-215-88235-0
Lemonade,Coca-Cola,Soft Drink,221,8102,851,7251,8/9/2020,Michael Garcia,Michigan,Port Loriborough,44539,0-9870475-5-8
Vodka,Coca-Cola,Alcoholic,384,1504,4330,-2826,12/31/2020,William Middleton,Texas,East Laurachester,96789,0-8423-3992-2
Herbal Tea,Pepsi,Tea,650,8433,4353,4080,9/29/2020,Christine Munoz,Oklahoma,Andersonport,27587,0-522-42473-2
Cola,Coca-Cola,Soft Drink,800,8301,2961,5340,4/1/2023,Rachel Adkins,West Virginia,Angelamouth,97037,0-7366-6540-4
Herbal Tea,Coca-Cola,Tea,467,3775,2538,1237,5/18/2022,Megan Chandler,Minnesota,West Ashleymouth,6318,0-227-77772-7
Black Tea,Dr. Pepper,Tea,130,2440,674,1766,5/7/2020,Barbara Sullivan,South Carolina,Donaldport,3763,1-72856-281-3
Lemonade,Dr. Pepper,Soft Drink,216,3224,7376,-4152,1/17/2021,Patrick Harding,Minnesota,Cookshire,84027,1-78695-363-3
Herbal Tea,Dr. Pepper,Tea,154,7016,4862,2154,9/17/2022,Todd Rogers,Nevada,Port Shelley,2827,0-05-948353-9
Herbal Tea,Pepsi,Tea,856,1067,7451,-6384,11/22/2022,Alison Johnson,Hawaii,Collinschester,59840,0-347-97146-6
Vodka,Dr. Pepper,Alcoholic,189,9251,877,8374,11/23/2021,Cassandra Boyer,Pennsylvania,New Adambury,46870,1-78718-121-9
Coffee,Coca-Cola,Coffee,443,2792,4608,-1816,1/28/2022,Allison Watts,New York,Lake Jeannechester,96797,1-4789-0286-8
Cola,Coca-Cola,Soft Drink,682,5800,3302,2498,8/29/2022,Leslie Flowers,Colorado,East Marymouth,2830,0-475-96483-7
Energy Drink,Dr. Pepper,Soft Drink,682,3237,2269,968,12/12/2021,Brittany Rose,Rhode Island,Port Meganville,47253,1-59256-049-0
Green Tea,Pepsi,Tea,265,4644,1177,3467,6/8/2021,Veronica Carson,Connecticut,Port Sandraborough,66795,1-281-94424-6
Energy Drink,Pepsi,Soft Drink,166,7463,541,6922,4/26/2023,Willie Davis,Minnesota,West Michael,29762,1-9797-3183-7
Green Tea,Coca-Cola,Tea,806,6495,4561,1934,4/6/2022,Tamara Strickland,South Dakota,New Brandon,20027,0-18-628593-0
Vodka,Pepsi,Alcoholic,360,7394,4509,2885,3/4/2022,Jerry Howard,Oklahoma,New Danielton,52507,0-8162-2212-6
Beer,Dr. Pepper,Alcoholic,470,8081,687,7394,1/11/2020,Diane Hill,Mississippi,Julietown,3272,0-514-72101-4
Green Tea,Pepsi,Tea,847,1855,5976,-4121,4/14/2022,Mark Garcia,Georgia,Murphybury,72704,0-07-232332-9
Lemonade,Dr. Pepper,Soft Drink,408,2032,3117,-1085,11/28/2020,Patrick Stout,Utah,Justinside,5479,0-906253-53-5
Herbal Tea,Dr. Pepper,Tea,974,6420,7175,-755,10/28/2020,Amy Bean,New Jersey,Timothyport,97325,1-7360367-7-7
Green Tea,Coca-Cola,Tea,743,3003,4878,-1875,8/30/2021,Mrs. Jill Vargas,Iowa,Lake Michael,4790,1-237-93406-0
Wine,Coca-Cola,Alcoholic,540,3390,6665,-3275,7/11/2021,Robert White,Mississippi,East Shannonburgh,72638,1-9826-7359-1
Beer,Pepsi,Alcoholic,376,8557,4365,4192,9/5/2022,Raymond Hudson,Alabama,East Charlesberg,68044,0-350-70456-2
Wine,Pepsi,Alcoholic,786,9349,3938,5411,9/29/2021,Linda Smith,Minnesota,North Christina,59721,1-02-711576-4
Wine,Coca-Cola,Alcoholic,907,7252,5897,1355,10/30/2021,Leah Roy,Louisiana,Lake Erin,8465,1-289-00909-0
Black Tea,Coca-Cola,Tea,671,8533,3667,4866,8/19/2020,Chloe Hopkins,Ohio,Thomasborough,57705,1-328-20922-9
Energy Drink,Pepsi,Soft Drink,848,2712,652,2060,3/7/2020,Mary Pope,Oklahoma,South Lisaton,39695,1-214-61663-1
Black Tea,Coca-Cola,Tea,261,7376,5982,1394,9/9/2021,David Anderson,Ohio,Thomasberg,59852,1-09-707688-1
Coffee,Coca-Cola,Coffee,233,6192,1220,4972,5/11/2023,Brittany Ayala,Massachusetts,Brittanyburgh,83003,0-221-67325-3
Energy Drink,Dr. Pepper,Soft Drink,446,7834,5152,2682,7/25/2022,Elizabeth Hardy,Rhode Island,Reynoldston,55114,0-618-02248-1
Beer,Dr. Pepper,Alcoholic,484,1078,2761,-1683,7/7/2023,Dr. Dawn Mendoza,New York,Stevenstown,85700,0-9702844-1-1
Beer,Coca-Cola,Alcoholic,208,7167,6518,649,6/20/2023,David Cantrell,Kentucky,Wallacehaven,8635,0-7961-6161-5
Energy Drink,Dr. Pepper,Soft Drink,262,4536,1973,2563,3/27/2022,Amanda Smith,Maryland,North Elizabethtown,13563,1-320-97040-0
Vodka,Coca-Cola,Alcoholic,990,8064,1076,6988,10/5/2022,Christopher Novak,Arizona,West James,68050,0-912413-49-2
Green Tea,Pepsi,Tea,663,8496,3793,4703,8/11/2020,Keith Wilcox,Nebraska,North Daniel,97743,0-626-51314-6
Herbal Tea,Dr. Pepper,Tea,782,5432,1189,4243,10/23/2020,James Williams,Georgia,East Jenniferberg,99566,1-85386-075-1
Green Tea,Dr. Pepper,Tea,999,6379,6299,80,6/20/2022,Alexandra Rogers,Hawaii,New Gregory,89010,0-490-22748-1
Wine,Pepsi,Alcoholic,194,8205,4503,3702,4/8/2022,Jeremy Guerrero,Pennsylvania,Grosstown,98911,1-01-583578-3
Energy Drink,Dr. Pepper,Soft Drink,170,7749,1532,6217,3/29/2021,David White,Connecticut,Jeffreyhaven,1619,1-5011-1680-0
Lemonade,Pepsi,Soft Drink,881,1400,7055,-5655,1/13/2021,Mark Alvarez,Kentucky,South Sharonshire,2873,1-01-450742-1
Coffee,Coca-Cola,Coffee,741,2961,2708,253,7/4/2022,William Parsons,Kansas,Lake Melissaburgh,97869,1-4202-0917-5
Green Tea,Pepsi,Tea,304,1321,611,710,3/16/2022,Jeffrey Schmidt,Maryland,East Cory,84253,1-202-80015-7
Vodka,Coca-Cola,Alcoholic,463,4982,7049,-2067,5/10/2020,Lindsey Huff,West Virginia,Lake Crystal,98420,0-03-624345-0
Coffee,Coca-Cola,Coffee,381,9348,3791,5557,10/20/2022,Bryan Lin,Montana,Dylanstad,35629,0-933251-50-5
Energy Drink,Dr. Pepper,Soft Drink,911,4678,4116,562,6/25/2022,Nicole Le,New York,Sandrafurt,80398,1-71006-978-3
Green Tea,Dr. Pepper,Tea,967,1457,3018,-1561,5/3/2021,Karla Garcia,Nebraska,East Nicholas,21270,1-917592-72-8
Beer,Coca-Cola,Alcoholic,187,2015,531,1484,2/5/2021,James Short,Illinois,Marychester,78791,0-9648585-5-X
Vodka,Pepsi,Alcoholic,344,4439,7073,-2634,5/23/2020,Michelle Johnson,Texas,West Margaretborough,67013,0-633-48737-6
Lemonade,Dr. Pepper,Soft Drink,240,5573,3189,2384,2/20/2021,Sara Boyd,Tennessee,Audreystad,83674,0-03-741700-2
Herbal Tea,Pepsi,Tea,763,9441,1845,7596,9/30/2021,Tracy Turner,Nevada,Johnside,54538,0-00-612209-4
Wine,Pepsi,Alcoholic,271,2889,7678,-4789,11/12/2022,Christina Hayes,South Carolina,East Ann,58792,1-80541-470-4
Green Tea,Pepsi,Tea,802,1699,7871,-6172,1/12/2023,Kyle Smith,California,Port Travis,20019,1-101-92102-1
Green Tea,Coca-Cola,Tea,561,7778,4679,3099,3/19/2023,Thomas Sanders,Montana,New Robert,96739,1-80009-227-X
Wine,Coca-Cola,Alcoholic,147,1306,5203,-3897,9/4/2021,Ann Davis,Kansas,Thomasland,18812,1-348-48696-1
Vodka,Dr. Pepper,Alcoholic,145,4988,3722,1266,3/3/2021,Connie Williams,Alabama,South Melissa,20017,1-60251-568-9
Beer,Coca-Cola,Alcoholic,669,4560,4827,-267,12/25/2022,Jacob Edwards,Connecticut,Hicksstad,26082,0-668-94253-3
Green Tea,Coca-Cola,Tea,746,1657,7570,-5913,6/4/2023,Christopher Perkins,Colorado,Robertburgh,41534,0-06-986349-0
Black Tea,Pepsi,Tea,942,6963,2793,4170,2/25/2023,David Mercer,Rhode Island,New Geraldtown,72657,1-5479-6346-8
Beer,Dr. Pepper,Alcoholic,886,4112,4648,-536,2/12/2021,Andrew Martinez,Ohio,North Justinburgh,73175,1-69169-626-9
Vodka,Pepsi,Alcoholic,874,5561,4964,597,9/5/2021,Bridget Griffin,Kansas,Port Michaelfurt,48945,1-5226-5714-2
Beer,Dr. Pepper,Alcoholic,207,4832,7781,-2949,8/6/2020,Miranda Holland,Minnesota,Lake Territown,82567,0-490-83291-1
Black Tea,Dr. Pepper,Tea,319,6642,1387,5255,8/30/2020,Kevin Wilson,Connecticut,North Aprilside,82733,1-282-03560-6
Vodka,Pepsi,Alcoholic,923,3021,7368,-4347,11/12/2021,Juan Morris,New Mexico,East Dawn,2536,1-921323-35-3
Vodka,Dr. Pepper,Alcoholic,978,7662,3350,4312,6/10/2021,Christopher Murillo,Kansas,North Thomasmouth,71107,1-915740-41-X
Herbal Tea,Dr. Pepper,Tea,101,2610,3461,-851,7/11/2020,Dylan Nelson,Arkansas,North Cindystad,73079,0-7706-8544-7
Beer,Coca-Cola,Alcoholic,498,4626,4643,-17,5/11/2021,Anthony Lopez,Hawaii,South Connieborough,54640,0-7642-5910-5
Lemonade,Dr. Pepper,Soft Drink,480,6581,5952,629,7/14/2023,Randy Jensen MD,Maine,Johnsonburgh,12476,1-56706-450-7
Coffee,Coca-Cola,Coffee,540,1697,1144,553,3/14/2020,Kristine Johnson,Kansas,Edwardsborough,19707,0-15-663159-8
Herbal Tea,Dr. Pepper,Tea,580,3723,4464,-741,4/12/2021,Rebecca Martinez,Maryland,Craigfort,7123,1-243-18722-0
Coffee,Dr. Pepper,Coffee,735,6818,1300,5518,2/27/2021,Chase Curry,Wyoming,Kevinhaven,56474,0-507-47436-8
Wine,Dr. Pepper,Alcoholic,918,6537,1316,5221,6/16/2020,Alicia Davidson,Kansas,North Robert,3606,1-924693-25-9
Lemonade,Dr. Pepper,Soft Drink,954,4784,6650,-1866,7/19/2022,Willie Schmidt,Montana,Morganfurt,41914,1-163-39439-4
Energy Drink,Pepsi,Soft Drink,445,5255,7897,-2642,5/24/2023,Donna Hartman,Alabama,New Steven,64321,0-03-196358-7
Coffee,Coca-Cola,Coffee,197,4554,5361,-807,6/15/2020,Tiffany Curtis,Indiana,Jacksonland,29423,0-622-64108-5
Energy Drink,Coca-Cola,Soft Drink,373,7141,3937,3204,6/19/2022,Chase Freeman,North Carolina,Rickeyberg,84321,1-5322-3467-8
Herbal Tea,Dr. Pepper,Tea,744,7374,4156,3218,9/2/2020,William Barnes,South Carolina,Scottview,57452,0-925565-37-7
Coffee,Dr. Pepper,Coffee,538,1548,2947,-1399,2/5/2022,Daniel Baker,Kansas,South Cathy,98298,1-4093-4452-5
Herbal Tea,Dr. Pepper,Tea,143,3839,4078,-239,2/24/2020,Alexander Daniels,Montana,Rivasborough,25183,1-918610-29-0
Energy Drink,Coca-Cola,Soft Drink,196,7649,2579,5070,5/7/2023,Beth Montgomery,Maryland,Kevinborough,96893,0-13-770874-2
Black Tea,Pepsi,Tea,406,6493,2094,4399,7/19/2022,Logan Jimenez,Hawaii,West Kathleen,60465,0-533-97195-0
Cola,Dr. Pepper,Soft Drink,226,1545,1115,430,11/15/2020,Samantha Juarez,Nebraska,Jessicaport,42434,1-85053-603-1
Energy Drink,Dr. Pepper,Soft Drink,876,5903,1376,4527,1/25/2022,Joshua Taylor,Montana,West Shannonview,99656,0-7416-5541-1
Beer,Coca-Cola,Alcoholic,825,2761,1317,1444,1/12/2023,Monique Schultz,Alabama,Contrerasberg,39168,1-5173-7989-X
Vodka,Dr. Pepper,Alcoholic,799,6837,4684,2153,1/26/2023,Rodney Rasmussen,Idaho,Ruizville,47403,1-78769-292-2
Coffee,Coca-Cola,Coffee,101,8179,6199,1980,3/30/2023,Christopher Smith,Mississippi,Lake Connie,59426,1-4313-9641-9
Lemonade,Pepsi,Soft Drink,389,7829,1236,6593,7/22/2022,Devon Hall,Virginia,Joshuaport,4160,0-602-56825-0
Cola,Coca-Cola,Soft Drink,461,5628,6663,-1035,3/13/2022,Daniel Jennings,Alabama,Lake Emily,51457,0-501-22121-2
Herbal Tea,Dr. Pepper,Tea,925,9378,5933,3445,1/22/2020,Brian Soto,Idaho,Willieland,60595,1-116-93861-8
Black Tea,Coca-Cola,Tea,645,7977,2716,5261,12/17/2021,Allison Clark,Vermont,Evansside,93473,1-84732-814-8
Wine,Pepsi,Alcoholic,230,9623,2452,7171,10/29/2020,Jimmy Davies,Alabama,Rogersside,49182,1-130-72001-2
Energy Drink,Coca-Cola,Soft Drink,584,7295,727,6568,5/17/2023,Crystal Williams,Oregon,Lake Marissa,49488,1-886268-30-4
Black Tea,Dr. Pepper,Tea,345,5337,6386,-1049,12/25/2022,Matthew Kennedy,Kentucky,Lake David,4201,0-283-32270-5
Black Tea,Pepsi,Tea,222,9702,1941,7761,6/27/2023,Paul Richards,Kentucky,Turnerland,97061,1-04-592883-6
Black Tea,Coca-Cola,Tea,561,9601,2536,7065,2/28/2022,Justin Johnson,Maine,South Danny,28784,0-467-47007-3
Lemonade,Dr. Pepper,Soft Drink,481,9556,7914,1642,11/23/2022,Christopher Sharp,Georgia,Port Dennisburgh,4013,0-546-67597-2
Wine,Coca-Cola,Alcoholic,215,6007,1594,4413,5/31/2020,Courtney Ponce,New Mexico,North Carlosfurt,85487,1-206-36648-6
Beer,Dr. Pepper,Alcoholic,802,4615,6782,-2167,9/21/2022,Briana Stephens,Nebraska,New Candace,58161,1-9815-4795-9
Vodka,Coca-Cola,Alcoholic,771,6534,5453,1081,6/5/2020,Shelby Dodson PhD,Ohio,Fuentesmouth,83752,0-00-930020-1
Green Tea,Pepsi,Tea,535,9673,7738,1935,1/1/2020,Isabel Carter,New Hampshire,Catherinestad,70506,1-310-92621-2
Herbal Tea,Dr. Pepper,Tea,272,1341,4552,-3211,3/22/2022,David Gill,Maryland,West Michelleville,5214,1-4728-7462-5
Energy Drink,Pepsi,Soft Drink,968,1778,4186,-2408,2/19/2022,Katrina Roth,Virginia,Georgeville,55101,1-74889-834-5
Black Tea,Coca-Cola,Tea,317,3285,7473,-4188,3/3/2021,Julie Baker,Michigan,Benjaminton,58422,1-118-49537-3
Herbal Tea,Coca-Cola,Tea,648,5357,7560,-2203,9/28/2021,Dennis Huffman,Minnesota,Cooperton,70809,1-162-46134-9
Lemonade,Coca-Cola,Soft Drink,876,5388,4122,1266,11/10/2022,Kenneth Rubio,New York,Bookerport,20990,1-77476-946-8
Coffee,Pepsi,Coffee,746,3552,766,2786,12/4/2021,Erica Harris,Kentucky,Heatherport,98650,1-4283-8242-9
Wine,Dr. Pepper,Alcoholic,324,4935,6100,-1165,5/5/2022,Denise Holmes,South Carolina,Smallland,85444,0-585-25115-0
Herbal Tea,Pepsi,Tea,522,8121,3105,5016,7/21/2021,Juan Hunter,Indiana,Elizabethborough,89362,0-485-39415-4
Vodka,Dr. Pepper,Alcoholic,426,4715,1293,3422,6/23/2023,James Johnston,Georgia,Colefurt,42377,1-928033-93-8
Wine,Coca-Cola,Alcoholic,300,3509,5327,-1818,8/27/2020,Daniel Carter,New Mexico,Christopherside,39188,0-8189-3912-5
Green Tea,Pepsi,Tea,493,7986,6994,992,6/17/2021,Samuel Blake,Nebraska,Gregoryshire,2930,1-73083-152-4
Lemonade,Pepsi,Soft Drink,611,2073,5076,-3003,4/4/2021,Kimberly Williams,Mississippi,South Gabrielle,63825,1-384-35731-9
Green Tea,Pepsi,Tea,920,7882,799,7083,6/28/2022,Frances Brown,Oklahoma,Lake Brookeland,27110,1-351-35415-9
Beer,Pepsi,Alcoholic,180,3229,5370,-2141,4/21/2020,Justin Christian,Oregon,Johnsonfurt,31005,0-586-01624-4
Beer,Dr. Pepper,Alcoholic,291,9578,3186,6392,11/28/2022,Randall Anderson,Wyoming,Dawsonmouth,31791,0-00-045304-8
Wine,Pepsi,Alcoholic,511,8728,4511,4217,7/27/2023,Sandra Torres DDS,Nevada,East Jonathan,72924,1-367-17955-6
Vodka,Dr. Pepper,Alcoholic,254,3666,2064,1602,6/2/2023,Amy Nichols,Nevada,West Jennifer,32397,1-365-92080-1
Beer,Dr. Pepper,Alcoholic,312,9942,1524,8418,3/7/2022,Amy Fisher,Rhode Island,Juliaport,37812,0-533-09533-6
Black Tea,Dr. Pepper,Tea,119,9270,6193,3077,5/20/2022,Danielle Burnett,Missouri,North Amber,93198,1-75228-999-4
Vodka,Dr. Pepper,Alcoholic,511,7603,4128,3475,9/3/2020,Robert Lamb,Michigan,New William,98136,1-80786-840-0
Beer,Pepsi,Alcoholic,594,3902,3677,225,8/28/2021,Jennifer Navarro,Washington,Hamiltonport,99748,1-00-866322-0
Energy Drink,Coca-Cola,Soft Drink,687,9663,1630,8033,10/11/2021,Richard Watkins,Montana,Williamton,36508,1-953414-40-0
Black Tea,Dr. Pepper,Tea,229,2602,670,1932,2/6/2023,Whitney Lawrence,New Jersey,Williamsport,2539,1-62737-542-2
Beer,Coca-Cola,Alcoholic,502,5261,3325,1936,10/28/2021,Autumn Diaz,Arkansas,West Oliviaview,58408,1-4110-6241-8
Coffee,Dr. Pepper,Coffee,566,7699,6508,1191,3/12/2022,Jamie Barron,Michigan,Thomasmouth,35551,1-59275-379-5
Black Tea,Coca-Cola,Tea,318,8204,3466,4738,3/29/2023,Bryan Hancock,Arizona,Jakeshire,50366,1-78703-308-2
Coffee,Dr. Pepper,Coffee,893,7434,6001,1433,1/1/2023,Courtney Conrad,New Hampshire,Elizabethtown,84693,0-07-525463-8
Vodka,Dr. Pepper,Alcoholic,913,2883,6013,-3130,5/26/2021,Leslie Collier,West Virginia,Donaldshire,21882,0-262-33620-0
Herbal Tea,Coca-Cola,Tea,448,6572,6740,-168,3/11/2020,Desiree Kim,Alabama,North Suzannefurt,52055,0-257-56851-4
Beer,Coca-Cola,Alcoholic,870,2960,2235,725,6/2/2023,Nicholas Francis,Alabama,Williammouth,31612,0-935602-22-4
Black Tea,Pepsi,Tea,990,4887,3783,1104,1/16/2023,Kaitlyn Charles,Michigan,Hunthaven,55013,1-113-88521-1
Vodka,Pepsi,Alcoholic,955,9339,2770,6569,6/15/2023,Kevin Green,Delaware,New William,67682,1-56235-515-5
Coffee,Dr. Pepper,Coffee,400,3383,6231,-2848,4/26/2021,Kimberly Dixon,Minnesota,Jasonborough,29512,0-9849310-4-X
Black Tea,Coca-Cola,Tea,377,2148,3667,-1519,7/26/2022,Cory Moore,Colorado,Wongstad,84634,1-290-56916-9
Energy Drink,Dr. Pepper,Soft Drink,542,5833,4374,1459,7/2/2020,Olivia Davis,Indiana,Spearsfort,57437,0-8115-2151-6
Vodka,Pepsi,Alcoholic,349,5312,2022,3290,12/28/2020,Rachel Summers,Tennessee,Poolebury,68083,1-4579-6128-8
Cola,Dr. Pepper,Soft Drink,126,7435,1054,6381,2/22/2022,Gary Duarte,Colorado,New Richardmouth,84079,1-272-87596-2
Wine,Pepsi,Alcoholic,139,2250,6922,-4672,2/28/2022,Robert Mcconnell,Texas,South Jack,58542,0-08-691639-4
Green Tea,Coca-Cola,Tea,259,3682,4700,-1018,4/14/2021,Veronica Wong,New Hampshire,South Olivia,8422,1-182-41816-3
Beer,Dr. Pepper,Alcoholic,421,3972,5792,-1820,1/11/2022,Elizabeth Arias,Virginia,Hudsonfurt,88002,0-452-80932-0
Vodka,Pepsi,Alcoholic,413,9096,7925,1171,5/7/2020,James Johnson,Tennessee,Lake Danielview,99583,1-298-07982-9
Herbal Tea,Coca-Cola,Tea,753,2665,4574,-1909,5/6/2021,Bailey Wilson,Florida,Veronicafort,30740,0-7533-8146-X
Coffee,Dr. Pepper,Coffee,532,4989,1687,3302,5/24/2023,Mark Heath,New Hampshire,Pierceton,28252,0-599-09236-X
Lemonade,Dr. Pepper,Soft Drink,989,1010,7838,-6828,9/14/2020,David Franklin,Missouri,Gloverfurt,68097,1-78202-899-4
Wine,Dr. Pepper,Alcoholic,528,2900,788,2112,1/28/2020,Brendan Rodriguez,Nevada,Williamsborough,6288,1-71070-891-3
Wine,Pepsi,Alcoholic,424,9961,4359,5602,5/7/2021,Scott Carson,Vermont,North Sarah,84458,1-9733-6508-1
Herbal Tea,Dr. Pepper,Tea,823,4751,4609,142,12/11/2021,David Craig,Indiana,Saraville,95729,1-269-68647-X
Energy Drink,Coca-Cola,Soft Drink,489,7284,6562,722,6/7/2020,Natalie Sanchez,Maine,Andrewborough,4774,0-13-263502-X
Wine,Pepsi,Alcoholic,110,6542,4476,2066,4/7/2023,Ronnie Mata,Colorado,Port Stephanieview,83264,0-351-31315-X
Black Tea,Pepsi,Tea,923,3840,3917,-77,1/12/2023,Angela Barrera,Colorado,Ginaberg,4532,1-68754-884-6
Coffee,Coca-Cola,Coffee,639,5978,1573,4405,1/17/2020,Alyssa Kerr,Illinois,Lake Patricia,4628,0-698-45709-9
Cola,Dr. Pepper,Soft Drink,972,4503,6114,-1611,1/22/2020,Karen Kim,North Dakota,Leeberg,38224,1-948979-67-5
Lemonade,Coca-Cola,Soft Drink,979,4419,5395,-976,7/2/2023,Daniel Meadows,Arizona,North Alanberg,68099,0-462-73641-5
Coffee,Pepsi,Coffee,565,9458,4409,5049,7/20/2023,Juan Mcdonald,California,Toddland,67206,0-530-82569-4
Wine,Coca-Cola,Alcoholic,995,7945,2259,5686,1/27/2022,Gina Black,Nebraska,Jonesville,55316,1-4659-8672-3
Cola,Pepsi,Soft Drink,946,6787,7317,-530,12/20/2022,Brandon Rodriguez,Wyoming,Kellybury,83287,0-8021-2693-6
Herbal Tea,Coca-Cola,Tea,953,9958,2093,7865,6/19/2020,Kristi Sandoval,Hawaii,Reidville,12693,1-232-92999-9
Coffee,Pepsi,Coffee,125,3855,7002,-3147,9/12/2020,Christine Thompson,North Carolina,New Stevenville,51402,1-295-01735-0
Cola,Pepsi,Soft Drink,323,3933,2197,1736,2/8/2023,Sonia Rhodes,Illinois,South Garrettland,97230,1-254-43703-7
Herbal Tea,Pepsi,Tea,107,4745,732,4013,2/14/2020,Christian Herman,Michigan,West Larry,28808,0-7385-6757-4
Green Tea,Coca-Cola,Tea,528,6199,641,5558,12/2/2021,Karen Morgan,Michigan,Turnerport,30374,0-8143-7660-6
Wine,Dr. Pepper,Alcoholic,152,9928,814,9114,12/8/2022,Kaitlyn Marks,Tennessee,Santanashire,5198,0-270-40176-8
Vodka,Dr. Pepper,Alcoholic,679,6287,799,5488,1/16/2020,Thomas Evans,Minnesota,Port Tylerfort,52249,1-84581-038-4
Lemonade,Dr. Pepper,Soft Drink,963,4100,3202,898,1/31/2020,Jacob Singh,Vermont,South Kayla,22223,1-84267-779-9
Black Tea,Dr. Pepper,Tea,654,1518,3715,-2197,3/15/2021,Ashley Mendez,Maryland,South Amyfort,72710,0-8056-5917-X
Vodka,Dr. Pepper,Alcoholic,965,6657,4860,1797,6/3/2023,Troy Guzman,Ohio,West Wesleyside,20038,1-00-718076-5
Black Tea,Coca-Cola,Tea,502,2405,6274,-3869,12/20/2020,Heather Gutierrez,Massachusetts,Port Davidchester,59538,0-11-510684-7
Lemonade,Pepsi,Soft Drink,833,6292,2969,3323,4/21/2020,Thomas Larson,Montana,South April,56705,1-4426-0529-4
Beer,Coca-Cola,Alcoholic,284,9360,7374,1986,7/29/2021,Rebecca Owens,Missouri,West Georgemouth,36602,0-87735-515-0
Herbal Tea,Coca-Cola,Tea,706,9778,1853,7925,3/7/2022,Jose Castaneda,Texas,West Teresa,5327,1-06-331093-8
Herbal Tea,Dr. Pepper,Tea,935,3666,3617,49,2/9/2020,Michelle Robinson,Delaware,South Richardport,20919,0-12-743566-2
Wine,Dr. Pepper,Alcoholic,570,5354,2668,2686,4/5/2022,David King,Texas,East Steven,68070,0-422-97332-7
Beer,Pepsi,Alcoholic,739,7341,2981,4360,4/16/2022,Joseph Brown,West Virginia,Jeffreychester,21844,1-235-46367-2
Lemonade,Pepsi,Soft Drink,249,2848,4852,-2004,7/27/2023,Christopher Reed,New Jersey,Angelaland,84771,1-68697-968-1
Vodka,Coca-Cola,Alcoholic,213,4970,869,4101,12/26/2022,Scott Alexander,New Jersey,Lake Parker,99637,0-313-19476-9
Cola,Dr. Pepper,Soft Drink,439,4238,3971,267,9/5/2021,Martin Mejia PhD,Washington,Watersside,6044,1-124-55678-8
Vodka,Dr. Pepper,Alcoholic,764,1611,1007,604,6/17/2020,Ian Rose,North Carolina,Diazview,82729,0-05-253651-3
Coffee,Pepsi,Coffee,916,9610,7839,1771,9/28/2020,Samantha Munoz,New Hampshire,Aliciamouth,87687,1-904375-48-0
Herbal Tea,Pepsi,Tea,941,8328,5459,2869,11/1/2021,Catherine Cooper,Minnesota,East Jerryfurt,59568,0-476-47964-9
Lemonade,Pepsi,Soft Drink,328,7390,7434,-44,11/23/2020,Angelica Banks,Florida,New Johnny,76614,1-69157-032-X
Black Tea,Dr. Pepper,Tea,582,9128,2310,6818,1/27/2023,Michelle Wilson,Iowa,Greenbury,93063,0-04-306942-8
Beer,Coca-Cola,Alcoholic,696,4117,2435,1682,10/3/2021,Geoffrey Paul,Wisconsin,East Jessicastad,43087,0-15-238194-5
Beer,Coca-Cola,Alcoholic,435,3455,7695,-4240,3/29/2022,Barry Scott,South Carolina,East Anthonymouth,21005,1-76799-190-8
Coffee,Pepsi,Coffee,882,3958,5368,-1410,7/9/2020,David James,Vermont,Gutierrezberg,31322,0-573-98104-3
Herbal Tea,Pepsi,Tea,475,2979,2182,797,4/3/2023,Michelle Gutierrez,Delaware,Smithview,83453,0-687-52547-0
Energy Drink,Pepsi,Soft Drink,526,5665,2847,2818,4/5/2021,Susan Combs,Maryland,Freemanborough,87598,1-886485-13-5
Beer,Dr. Pepper,Alcoholic,430,2526,7618,-5092,9/6/2022,Brooke Peters,Arizona,South Destinyville,5461,0-289-73899-7
Coffee,Dr. Pepper,Coffee,470,4613,2693,1920,12/7/2022,Laura White,Nebraska,East William,60391,1-146-98440-5
Herbal Tea,Dr. Pepper,Tea,263,8291,6723,1568,3/2/2020,Jessica Frank,Missouri,Katherinemouth,88290,0-350-94724-4
Energy Drink,Coca-Cola,Soft Drink,931,4161,773,3388,1/2/2021,Kimberly Holt,Ohio,Nancyfurt,67020,0-7957-1355-X
Energy Drink,Coca-Cola,Soft Drink,174,2790,5207,-2417,10/14/2022,Susan Mckenzie,Nebraska,New Lauren,57191,0-341-49860-2
Energy Drink,Dr. Pepper,Soft Drink,585,2107,5445,-3338,7/4/2020,Amber Bell,Wyoming,West Jamestown,4976,1-303-77743-6
Vodka,Pepsi,Alcoholic,437,3387,6069,-2682,1/18/2020,Kathleen White,Pennsylvania,Port Robertbury,70261,1-5014-2022-4
Beer,Coca-Cola,Alcoholic,374,3017,4705,-1688,1/3/2021,Frank Black,South Dakota,Jenniferview,97791,0-396-17441-8
Herbal Tea,Dr. Pepper,Tea,486,5718,5534,184,10/15/2021,Tara Cook,Massachusetts,South Michaelshire,88933,0-7442-9774-5
Beer,Coca-Cola,Alcoholic,588,9716,2145,7571,8/16/2021,Mindy Foley,Kansas,Taylorport,37944,0-401-84274-6
Lemonade,Dr. Pepper,Soft Drink,681,9409,5987,3422,9/3/2022,Tammy Mullins,New York,East Thomasview,46198,1-65955-877-8
Vodka,Pepsi,Alcoholic,369,8356,2121,6235,1/29/2020,Jennifer Morse,Iowa,West Samuelfurt,73122,0-8438-8093-7
Wine,Coca-Cola,Alcoholic,101,8954,3228,5726,2/2/2022,Hayley Lee,New Mexico,Lake Pamela,99653,1-320-49686-5
Energy Drink,Pepsi,Soft Drink,497,7033,3793,3240,1/24/2022,Erin Eaton,Hawaii,Lake Zacharyton,22732,0-7866-1010-7
Energy Drink,Dr. Pepper,Soft Drink,642,9097,4737,4360,6/5/2023,Kevin Walters,Michigan,New Kimberlyhaven,75667,0-17-712366-4
Cola,Pepsi,Soft Drink,389,5271,6650,-1379,7/4/2021,Carla Griffith,Alaska,Tiffanyton,29624,1-214-60378-5
Coffee,Coca-Cola,Coffee,113,8625,6358,2267,5/31/2020,Michael Russell,West Virginia,Curtistown,17052,1-9999666-6-X
Vodka,Dr. Pepper,Alcoholic,150,1024,5399,-4375,3/31/2022,Kyle Farrell,Iowa,South Jason,5280,1-5230-2082-2
Cola,Coca-Cola,Soft Drink,143,8027,2949,5078,9/5/2020,Kathleen Williamson,Nevada,Castroville,10701,0-7686-8516-8
Energy Drink,Pepsi,Soft Drink,197,1426,638,788,7/25/2023,Cassandra Bell,Georgia,Lake Stephen,59710,0-610-69943-1
Black Tea,Dr. Pepper,Tea,998,4217,6349,-2132,3/30/2020,Lori Pena,West Virginia,Kimberlyfort,29230,1-79227-384-3
Energy Drink,Coca-Cola,Soft Drink,141,2838,6016,-3178,4/21/2022,Thomas Sherman,New Hampshire,North Amanda,73059,0-532-05999-9
Beer,Coca-Cola,Alcoholic,595,6539,6239,300,9/18/2022,Rachel Elliott,Alabama,South Steven,70032,1-01-847199-5
Cola,Dr. Pepper,Soft Drink,557,6982,6855,127,6/3/2023,Courtney Barrera,Virginia,Ricardofort,56730,0-11-494595-0
Green Tea,Pepsi,Tea,697,7909,7830,79,5/25/2022,Ronnie Harris,Michigan,Scottfurt,19953,0-497-55657-X
Black Tea,Pepsi,Tea,585,6461,7373,-912,6/14/2022,Mark Stewart,Missouri,Adamton,1198,1-4992-8559-0
Black Tea,Dr. Pepper,Tea,775,5523,6891,-1368,6/8/2021,Elizabeth Benton,Maryland,Thompsonfort,96770,1-66188-421-0
Beer,Pepsi,Alcoholic,920,4393,6513,-2120,2/12/2023,Brent Cox,Ohio,Freemanhaven,63922,0-389-94645-1
Lemonade,Pepsi,Soft Drink,963,7076,6209,867,12/30/2020,Amy Davis,North Carolina,Vasquezmouth,42623,1-75221-442-0
Black Tea,Coca-Cola,Tea,770,4332,4978,-646,3/8/2023,Maria Thomas,Alaska,Rhondabury,87849,0-692-99877-2
Beer,Coca-Cola,Alcoholic,915,4568,4238,330,4/30/2023,Katrina Ibarra,Colorado,Kennethburgh,49956,1-82370-738-6
Cola,Pepsi,Soft Drink,288,5265,6515,-1250,1/18/2022,Karen Contreras,Delaware,New Sara,29526,1-74846-313-6
Herbal Tea,Dr. Pepper,Tea,261,8684,6312,2372,11/8/2022,Kristen Obrien,Florida,Port Allisonmouth,19759,0-356-14918-8
Cola,Dr. Pepper,Soft Drink,506,2098,2038,60,5/25/2023,Monica Mccarthy,California,South Dennis,87787,0-7380-9438-2
Cola,Coca-Cola,Soft Drink,332,4912,3488,1424,11/21/2020,Shelly Oliver,Louisiana,Lake Kevin,67348,1-67135-316-1
Vodka,Pepsi,Alcoholic,473,7087,1427,5660,5/29/2021,Adriana Frank,Maryland,East Dustinview,21163,0-283-22007-4
Vodka,Dr. Pepper,Alcoholic,980,4782,4622,160,2/15/2021,Michelle Jones,Florida,Barbarafort,23709,0-508-15495-2
Green Tea,Pepsi,Tea,903,6558,676,5882,3/3/2021,Christopher Dunn,Indiana,North Lisa,36779,1-934240-97-4
Black Tea,Dr. Pepper,Tea,301,4509,6510,-2001,8/29/2022,Ashley Greer,Idaho,Thorntonmouth,34580,0-554-72414-6
Green Tea,Pepsi,Tea,138,8126,6265,1861,6/4/2022,Nicole Ramos,Florida,Port Jenniferland,31101,0-939247-81-X
Wine,Dr. Pepper,Alcoholic,984,4607,5160,-553,2/25/2021,Ashley Walker,Missouri,Davidland,84024,0-924125-12-8
Coffee,Dr. Pepper,Coffee,278,8032,5752,2280,11/13/2020,Sharon Page,Oklahoma,Lake Michealmouth,29217,0-655-11622-2
Cola,Pepsi,Soft Drink,210,9928,5269,4659,7/21/2020,Debra Graham,California,Robertmouth,54143,0-384-91713-5
Energy Drink,Dr. Pepper,Soft Drink,534,5262,4294,968,4/4/2020,Robert Hubbard,Utah,Lorifurt,57438,0-595-53258-6
Vodka,Coca-Cola,Alcoholic,911,9664,3400,6264,4/22/2021,Derrick Manning,Montana,Ibarraborough,35698,1-75569-433-4
Coffee,Pepsi,Coffee,726,8218,7058,1160,6/18/2022,Mr. Anthony Wilson,North Dakota,Vanessaborough,96770,1-4312-4333-7
Beer,Dr. Pepper,Alcoholic,857,9892,2815,7077,6/23/2021,Olivia Sullivan,New York,Lake Joseph,37545,1-249-22100-5
Beer,Coca-Cola,Alcoholic,396,5675,4882,793,5/27/2021,Robert Guerra,Idaho,Kathrynburgh,22658,0-08-584303-2
Cola,Dr. Pepper,Soft Drink,443,6134,2356,3778,8/17/2020,Charles Scott,Indiana,Frankmouth,31224,1-954013-64-7
Vodka,Pepsi,Alcoholic,107,4367,4646,-279,11/13/2021,Max Daniels,Louisiana,Douglasshire,20012,0-606-19104-6
Wine,Dr. Pepper,Alcoholic,754,4216,3681,535,3/10/2022,Denise Frederick,Utah,Lake Joel,97438,1-351-28738-9
Green Tea,Pepsi,Tea,508,4424,1316,3108,12/2/2022,Paula Lam,New York,Katrinaview,88979,1-156-91374-8
Lemonade,Dr. Pepper,Soft Drink,272,7926,2976,4950,3/8/2021,Samantha Nelson,New Hampshire,Nicholasburgh,59679,0-645-55517-7
Beer,Coca-Cola,Alcoholic,406,4797,6025,-1228,8/19/2021,Natalie White,Delaware,New Joshuafurt,82484,0-261-09063-1
Wine,Coca-Cola,Alcoholic,732,1291,3710,-2419,12/25/2022,Douglas Smith,Florida,Jesseshire,26793,1-4613-8076-6
Energy Drink,Coca-Cola,Soft Drink,184,4350,6330,-1980,4/7/2020,Christopher Davis,Missouri,Kelleyside,55184,1-56313-578-7
Beer,Dr. Pepper,Alcoholic,744,1233,3861,-2628,8/29/2020,Kimberly Castillo,Oregon,South Christopher,48052,0-313-66820-5
Black Tea,Dr. Pepper,Tea,299,9895,4950,4945,6/15/2023,Jennifer Brown,Utah,Hunterport,2806,1-217-62768-5
Coffee,Dr. Pepper,Coffee,691,2295,6089,-3794,7/27/2022,Tiffany Bowers,Maine,East Bridget,56201,1-76881-619-0
Lemonade,Pepsi,Soft Drink,786,7281,3835,3446,3/1/2021,Joshua Carson,Colorado,Wareport,98294,1-62237-553-X
Herbal Tea,Dr. Pepper,Tea,543,2618,5607,-2989,5/29/2021,Mark Smith,Colorado,Garciamouth,53249,1-59123-054-3
Energy Drink,Dr. Pepper,Soft Drink,602,3032,3430,-398,1/3/2022,Michelle Goodwin,Alabama,South Yvonne,84285,0-646-00310-0
Vodka,Pepsi,Alcoholic,424,6351,5780,571,3/28/2021,Jonathan Davies,Massachusetts,Kathrynhaven,66142,1-70083-330-8
Beer,Coca-Cola,Alcoholic,946,3750,5629,-1879,8/27/2021,Erika Brown,Maine,Port Trevorchester,83299,0-264-95285-5
Coffee,Coca-Cola,Coffee,771,9074,7580,1494,3/23/2023,Jerry Stewart,Oklahoma,Jonesburgh,68001,1-65483-215-4
Herbal Tea,Coca-Cola,Tea,837,1731,6953,-5222,12/16/2020,James Blair,Missouri,Susanfurt,35755,0-208-33538-2
Beer,Dr. Pepper,Alcoholic,908,6874,4537,2337,3/16/2022,Joseph Ramsey,Wisconsin,South Christopherland,4791,0-280-97698-4
Black Tea,Coca-Cola,Tea,732,3039,2998,41,12/13/2020,Eric Hunt,Minnesota,East Steven,37274,1-123-04349-3
Coffee,Dr. Pepper,Coffee,632,4021,1385,2636,5/28/2021,Scott Hogan,South Dakota,Lake Kimberlyshire,53712,1-75013-469-1
Vodka,Pepsi,Alcoholic,209,1220,7939,-6719,8/18/2020,Jason Zamora,Rhode Island,New Yvonne,58348,1-252-17332-6
Energy Drink,Pepsi,Soft Drink,200,3300,6594,-3294,9/6/2022,John Newman,Virginia,East Joseph,7213,1-81468-033-0
Coffee,Dr. Pepper,Coffee,389,8761,4455,4306,4/16/2021,Cameron Howard,Nebraska,North Patrick,93556,1-168-07381-2
Coffee,Coca-Cola,Coffee,536,8121,7105,1016,12/3/2020,Angela Tyler,Pennsylvania,East Michelleshire,2254,0-943975-56-5
Lemonade,Dr. Pepper,Soft Drink,961,8023,3753,4270,11/22/2020,Cheyenne Jacobs,Georgia,Sydneyville,3546,0-451-42268-6
Beer,Pepsi,Alcoholic,320,7044,3367,3677,3/31/2020,Kelly Robinson,Rhode Island,South Kevinberg,27638,1-397-29058-7
Lemonade,Coca-Cola,Soft Drink,784,3196,4367,-1171,7/10/2021,Julia Kerr,Hawaii,Port Katherine,73054,0-265-57951-1
Herbal Tea,Dr. Pepper,Tea,597,8838,5431,3407,9/15/2020,Misty Taylor,Virginia,West Michael,87123,1-357-33938-0
Energy Drink,Pepsi,Soft Drink,580,9155,5259,3896,2/6/2020,Emily Scott,Iowa,Andrewville,72407,1-07-978903-0
Vodka,Dr. Pepper,Alcoholic,488,5457,7153,-1696,9/19/2020,Mario George,Missouri,Victorside,45497,1-62654-088-8
Coffee,Dr. Pepper,Coffee,862,4648,3709,939,6/8/2022,Taylor Thompson,Wyoming,New Gregory,89565,0-644-72816-7
Black Tea,Dr. Pepper,Tea,870,5996,1918,4078,3/6/2022,Michael Smith,Connecticut,South Christianfort,72948,1-4993-8298-7
Lemonade,Coca-Cola,Soft Drink,126,3781,5122,-1341,9/12/2022,Rhonda Miller,Texas,Tracyborough,89726,0-398-10465-4
Coffee,Pepsi,Coffee,963,8931,578,8353,12/1/2021,Bryan Monroe,Ohio,Jordanburgh,32087,0-637-52189-7
Lemonade,Pepsi,Soft Drink,811,4142,1657,2485,10/2/2022,Rebecca Hall,Montana,Jasonstad,20023,1-81250-476-4
Coffee,Dr. Pepper,Coffee,136,6632,723,5909,11/13/2022,Robin Martinez,Hawaii,Port Colinbury,73087,0-917841-86-7
Black Tea,Pepsi,Tea,205,2208,2530,-322,4/11/2023,Tonya Kim,Oklahoma,New Susanchester,57797,1-4815-5603-7
Black Tea,Pepsi,Tea,659,8360,6037,2323,5/3/2023,Mark Moore,Michigan,Port Jeffrey,20025,0-935239-74-X
Black Tea,Pepsi,Tea,601,5445,7797,-2352,8/12/2021,Steven Mullen,Kentucky,Aguirreview,22731,1-218-12634-5
Coffee,Pepsi,Coffee,222,9048,6129,2919,12/9/2022,Courtney Drake,Missouri,Pattersonville,29881,0-610-41975-7
Energy Drink,Coca-Cola,Soft Drink,493,6211,4993,1218,11/26/2021,Angela Wilkins,New Jersey,Kathychester,46039,0-8232-7441-1
Lemonade,Coca-Cola,Soft Drink,275,5231,666,4565,2/19/2020,Eric Brock,North Carolina,South Robertchester,3326,0-555-75399-9
Vodka,Coca-Cola,Alcoholic,337,9333,3618,5715,7/20/2022,Shelly Gomez,Wyoming,Doyleton,21574,1-5165-6361-1
Coffee,Pepsi,Coffee,893,4593,3015,1578,6/30/2023,Rebecca Shaw,Montana,East Shari,70463,1-198-63676-9
Energy Drink,Coca-Cola,Soft Drink,447,3253,5205,-1952,12/25/2020,Shelly Lewis,Kentucky,Port Joycemouth,3981,0-14-353959-0
Wine,Pepsi,Alcoholic,687,9932,7707,2225,10/15/2021,Daniel Pena,Oregon,Butlerborough,82226,1-4885-9670-0
Lemonade,Dr. Pepper,Soft Drink,233,6971,7966,-995,7/27/2023,Joshua Jones,Alabama,Michaelville,89574,0-396-90437-8
Energy Drink,Coca-Cola,Soft Drink,887,7370,1637,5733,7/14/2023,Jennifer Hicks,Kentucky,Lake Alexamouth,58841,0-00-120725-3
Cola,Coca-Cola,Soft Drink,840,2777,3566,-789,12/24/2020,Natalie Silva,Ohio,Marymouth,2863,0-556-54422-6
Green Tea,Coca-Cola,Tea,432,9158,697,8461,4/20/2020,Kerri Johnson,Rhode Island,New Robin,78252,1-5325-4215-1
Wine,Dr. Pepper,Alcoholic,933,9494,7061,2433,5/7/2021,Cynthia Leblanc,Tennessee,Melanieside,66486,1-4632-5020-7
Lemonade,Coca-Cola,Soft Drink,689,1202,7599,-6397,2/13/2020,Regina Wright,Nebraska,Lawsonshire,94920,0-05-631584-8
Cola,Pepsi,Soft Drink,701,8576,2360,6216,2/27/2022,Jim Smith,Tennessee,East Brookeburgh,85779,1-9765-4631-1
Beer,Dr. Pepper,Alcoholic,751,5777,5615,162,4/6/2020,Adam Owens,Montana,Sherryfurt,97376,1-322-78643-7
Coffee,Pepsi,Coffee,862,3291,1405,1886,4/13/2021,David Price MD,Kansas,Rodrigueztown,4022,1-135-71046-5
Coffee,Dr. Pepper,Coffee,412,8672,2325,6347,1/15/2021,Bruce Wells,Missouri,Macdonaldland,50781,0-389-61398-3
Vodka,Dr. Pepper,Alcoholic,154,8733,2252,6481,4/8/2023,Erica Hughes,New Jersey,Jamesberg,20009,1-947915-50-9
Coffee,Coca-Cola,Coffee,482,2298,5986,-3688,8/30/2020,Denise Guerrero,Wyoming,Danielberg,79296,0-693-59494-2
Vodka,Dr. Pepper,Alcoholic,364,7565,2195,5370,2/17/2020,Jeremy Contreras,West Virginia,West Jonathan,83610,0-298-61441-3
Beer,Coca-Cola,Alcoholic,401,3151,4369,-1218,4/15/2021,Lisa Holmes,New Mexico,Port Paula,57122,1-992949-05-0
Beer,Dr. Pepper,Alcoholic,793,6696,1379,5317,2/26/2022,Clarence Bridges,New York,Allenchester,94698,0-246-89235-8
Vodka,Dr. Pepper,Alcoholic,510,6210,5961,249,5/18/2020,Sarah Watson,Oregon,West Michael,87973,1-09-761846-3
Herbal Tea,Pepsi,Tea,406,6797,6656,141,8/19/2022,Holly Castillo,South Dakota,Garciaton,65231,1-05-138961-5
Lemonade,Pepsi,Soft Drink,695,8249,2958,5291,6/5/2023,Monica Christian,Michigan,New Nicholas,16173,0-298-25941-9
Energy Drink,Coca-Cola,Soft Drink,900,2851,6208,-3357,3/13/2021,Anna Horne,Michigan,Conradborough,34481,1-4139-4063-3
Energy Drink,Dr. Pepper,Soft Drink,139,2138,1313,825,5/11/2021,Michael Turner,South Dakota,South Richard,30224,0-16-349153-4
Lemonade,Coca-Cola,Soft Drink,291,2447,769,1678,1/7/2022,Charles Richardson,Texas,Lake Andrew,98653,1-130-46434-2
Wine,Pepsi,Alcoholic,208,4555,6663,-2108,5/1/2021,John Davis,Maryland,Brianmouth,12276,0-633-12270-X
Herbal Tea,Coca-Cola,Tea,141,2333,1903,430,12/7/2021,Melanie Mcmillan,Idaho,Timothyfurt,14650,0-7899-3834-0
Wine,Dr. Pepper,Alcoholic,514,7902,2183,5719,11/8/2020,Dean Rhodes,Mississippi,South Makayla,30028,1-154-04444-0
Wine,Coca-Cola,Alcoholic,311,3611,7443,-3832,2/4/2020,Kristy Beard,Minnesota,West Josephberg,83466,1-61570-385-3
Herbal Tea,Dr. Pepper,Tea,387,4856,3749,1107,2/25/2023,Nicholas Parker,Colorado,Heberttown,73137,0-12-676570-7
Energy Drink,Pepsi,Soft Drink,154,8417,5724,2693,7/4/2023,Mark Smith,Pennsylvania,Marychester,98648,0-308-84539-0
Wine,Coca-Cola,Alcoholic,465,5337,1666,3671,1/28/2020,Patricia Wright,Wyoming,South Emilybury,46729,0-340-44403-7
Vodka,Pepsi,Alcoholic,564,9675,1317,8358,12/20/2020,Stephen Miller,Louisiana,New Davidburgh,13582,0-7776-7857-8
Cola,Pepsi,Soft Drink,927,3584,3375,209,11/5/2021,Lucas Adams,Illinois,Lake Kathleen,98429,0-8293-5694-0
Herbal Tea,Pepsi,Tea,121,5856,4284,1572,4/2/2021,James Shepherd,Washington,Sarahshire,77989,0-12-565856-7
Wine,Pepsi,Alcoholic,857,8498,4849,3649,4/28/2022,Elizabeth Jones,South Dakota,North Aliciachester,63082,1-68175-316-2
Green Tea,Coca-Cola,Tea,496,5343,715,4628,2/3/2020,Jennifer Hensley,North Carolina,Victoriafurt,83801,0-294-07403-1
Herbal Tea,Pepsi,Tea,363,3095,3525,-430,10/3/2021,Robert Rosario,Montana,Nguyenburgh,3669,1-08-873279-8
Beer,Pepsi,Alcoholic,219,4786,1086,3700,2/27/2023,Shannon Hall,Rhode Island,Joshuaville,48630,0-643-60795-1
Green Tea,Dr. Pepper,Tea,139,3939,3111,828,12/5/2022,Melissa Diaz,North Carolina,Port Karenview,4983,1-7369120-3-8
Coffee,Pepsi,Coffee,207,6199,2389,3810,2/26/2020,Jennifer Ramos,Missouri,Garciamouth,58252,1-205-10157-8
Wine,Coca-Cola,Alcoholic,749,5637,2522,3115,10/26/2022,Cynthia Cox,Alabama,Andersontown,54459,1-4171-2327-3
Beer,Pepsi,Alcoholic,784,1129,3727,-2598,7/31/2021,Debra Black,South Carolina,West Toddport,76343,1-886314-97-7
Cola,Coca-Cola,Soft Drink,864,2130,6277,-4147,2/15/2020,Tyrone Clark,Wisconsin,New Elizabethfort,37725,1-01-384749-0
Lemonade,Dr. Pepper,Soft Drink,717,8106,2512,5594,12/15/2020,Taylor Brady,California,Tylerhaven,99675,0-388-01644-2
Wine,Dr. Pepper,Alcoholic,762,8498,1777,6721,2/19/2023,Robert Stewart,Arkansas,Jessicaview,68092,0-06-759196-5
Energy Drink,Pepsi,Soft Drink,697,6863,5835,1028,5/19/2021,Christina Perez,Idaho,Williamfurt,29558,0-06-850552-3
Energy Drink,Coca-Cola,Soft Drink,882,6995,2213,4782,8/8/2020,Isabella Barnes,Wyoming,Cynthiaport,36060,1-77948-608-1
Energy Drink,Coca-Cola,Soft Drink,743,4452,6353,-1901,7/14/2020,James Smith,Georgia,East Ericchester,48542,0-550-29633-6
Black Tea,Dr. Pepper,Tea,347,9019,2255,6764,6/10/2022,Crystal West,South Carolina,North Amanda,68024,1-148-72507-5
Herbal Tea,Pepsi,Tea,954,6341,620,5721,6/23/2023,Michael Obrien,Washington,New Julieburgh,41907,1-996549-06-5
Cola,Dr. Pepper,Soft Drink,834,5610,3405,2205,8/28/2021,James Crosby,Missouri,North Jamesmouth,54704,1-02-832966-0
Green Tea,Pepsi,Tea,883,6960,4573,2387,5/2/2021,James Fischer,Florida,West Sharonborough,24212,1-189-11908-0
Green Tea,Dr. Pepper,Tea,951,2539,2333,206,5/8/2022,Cathy Shah,Mississippi,Jimenezport,88961,1-81542-119-3
Cola,Dr. Pepper,Soft Drink,423,3144,7430,-4286,8/18/2021,Caleb Nelson,Indiana,Thomasfurt,57341,1-221-37529-6
Cola,Coca-Cola,Soft Drink,291,8421,2010,6411,1/12/2020,Dwayne Olson,Louisiana,Riceshire,57293,0-579-01368-5
Cola,Dr. Pepper,Soft Drink,930,1245,2812,-1567,11/11/2020,Jacob Lane,Texas,Lawsonhaven,35819,1-7395263-9-2
Vodka,Coca-Cola,Alcoholic,113,2721,2793,-72,8/19/2022,Edward Myers,Mississippi,East Nicholas,70956,0-500-22469-2
Lemonade,Pepsi,Soft Drink,268,1320,1681,-361,9/20/2021,Michael Walker,California,South Sarah,84628,1-09-768773-2
Wine,Dr. Pepper,Alcoholic,487,4106,7870,-3764,12/24/2020,Amber Nguyen,Missouri,Tuckerport,88100,0-7657-7551-4
Energy Drink,Dr. Pepper,Soft Drink,586,9041,527,8514,11/25/2020,Emily Mcmillan,Maryland,Port Lindsay,71602,1-79844-643-X
Energy Drink,Dr. Pepper,Soft Drink,216,7464,2759,4705,10/27/2020,Keith Meyer,Wisconsin,East Mollyfurt,27884,1-5030-3371-6
Energy Drink,Coca-Cola,Soft Drink,260,6451,1483,4968,2/16/2023,Catherine Prince,Kansas,New Melanie,57702,1-77302-305-5
Black Tea,Dr. Pepper,Tea,506,4455,3050,1405,2/22/2021,Michael Brown,Minnesota,Wilkinsonfurt,4073,1-273-16906-9
Green Tea,Pepsi,Tea,778,2819,1237,1582,12/4/2020,Jennifer Davis,Nevada,North Angela,97441,0-655-44397-5
Black Tea,Coca-Cola,Tea,129,1512,2973,-1461,6/12/2022,Samuel Zimmerman,Georgia,Smallside,21623,1-203-03964-6
Wine,Coca-Cola,Alcoholic,611,2652,3977,-1325,7/30/2021,Zoe Dorsey,Iowa,Haileyhaven,4149,1-890729-12-4
Cola,Pepsi,Soft Drink,789,4476,569,3907,1/28/2023,Leslie Krause,New Mexico,Meganland,84485,1-100-68110-8
Herbal Tea,Pepsi,Tea,268,7978,2536,5442,10/22/2021,Stephen Farmer,Delaware,North Cindy,40658,1-77753-719-3
Cola,Pepsi,Soft Drink,333,2352,4089,-1737,3/28/2020,Danny Garcia,Montana,Port Briannaville,7270,0-489-21220-4
Vodka,Pepsi,Alcoholic,494,7984,3449,4535,10/22/2022,Michael Lopez,New Mexico,South Kevin,83076,0-89523-976-0
Coffee,Coca-Cola,Coffee,838,5626,2489,3137,10/11/2021,Mark Williams,Missouri,North Katherine,32321,1-5354-4346-4
Coffee,Coca-Cola,Coffee,976,1047,7581,-6534,10/12/2020,Cody Rosales,Colorado,Stephanieville,85486,0-7239-3296-4
Wine,Coca-Cola,Alcoholic,207,7116,5615,1501,2/2/2023,Vanessa Miller,Montana,Davidberg,68030,0-314-07599-2
Energy Drink,Pepsi,Soft Drink,118,6570,5567,1003,12/6/2022,Timothy Schneider,West Virginia,East Danaland,5449,1-57416-471-6
Energy Drink,Pepsi,Soft Drink,130,3063,2876,187,1/29/2020,Robert Woods,Oklahoma,Port Heidiport,16505,0-658-44192-2
Cola,Pepsi,Soft Drink,873,1153,7540,-6387,7/27/2020,Shannon Howell,Nebraska,Port Nicole,72867,1-65702-833-X
Energy Drink,Coca-Cola,Soft Drink,822,3583,4348,-765,4/6/2023,William Simon,Virginia,Ashleystad,33770,1-304-80670-7
Coffee,Coca-Cola,Coffee,560,9657,7835,1822,1/21/2021,Madison Barker,Vermont,Smithport,65332,0-9747346-7-5
Black Tea,Pepsi,Tea,522,4512,7119,-2607,4/30/2021,David Walsh,Tennessee,West Emilyville,4640,0-88622-003-3
Cola,Coca-Cola,Soft Drink,813,9950,1449,8501,2/17/2020,Billy Meyer,North Dakota,Brandonberg,96760,1-164-11213-9
Coffee,Pepsi,Coffee,854,7805,4608,3197,6/14/2021,Devon Scott,Connecticut,Barnesshire,3054,1-5392-1559-8
Wine,Dr. Pepper,Alcoholic,226,4722,3842,880,12/31/2020,Cameron Evans,Kentucky,East Christy,58279,0-916549-10-0
Beer,Dr. Pepper,Alcoholic,807,7831,5901,1930,6/16/2023,Eric Estrada,Indiana,Davidborough,58544,1-324-41457-X
Vodka,Pepsi,Alcoholic,882,1363,1302,61,1/17/2023,Mitchell Howell,Arizona,Port Caitlin,29449,0-485-67976-0
Cola,Pepsi,Soft Drink,196,1670,556,1114,1/27/2023,Carl Fritz,Georgia,Blackshire,36434,0-19-897557-0
Beer,Pepsi,Alcoholic,732,9788,6895,2893,7/26/2022,Amy Johnson,Connecticut,West Brittanymouth,45253,0-8332-6477-X
Beer,Dr. Pepper,Alcoholic,829,6818,1339,5479,9/5/2021,David Moran,Kansas,Simmonstown,98039,1-01-059317-X
Vodka,Pepsi,Alcoholic,376,1390,1750,-360,12/20/2020,Benjamin Neal,New Jersey,Smithshire,58481,0-9796029-7-1
Vodka,Pepsi,Alcoholic,188,4318,1929,2389,10/22/2020,Dillon Wilson,Arkansas,New Joannmouth,19787,0-406-31571-X
Green Tea,Pepsi,Tea,769,3697,6634,-2937,9/4/2022,Sharon Lynch,New Mexico,New Chad,21045,1-279-65665-4
Vodka,Pepsi,Alcoholic,566,6583,5455,1128,8/22/2021,James Johnson,Alaska,West Sarahberg,45852,0-01-887337-5
Green Tea,Dr. Pepper,Tea,890,4904,1094,3810,7/21/2020,Joseph Dickerson,Alaska,North Jessicabury,46974,0-448-63837-1
Herbal Tea,Dr. Pepper,Tea,815,1471,2161,-690,1/11/2020,John Ellis,South Dakota,New Brianburgh,98633,1-153-87961-1
Energy Drink,Dr. Pepper,Soft Drink,195,8093,4162,3931,3/22/2021,Alex Campbell,Indiana,Parkermouth,31236,0-10-684737-6
Green Tea,Pepsi,Tea,641,7883,1175,6708,1/5/2020,Jared Phillips,Florida,Rachelland,24923,1-70859-455-8
Vodka,Dr. Pepper,Alcoholic,343,9247,7968,1279,9/6/2020,Ruth Baker,New Jersey,Tylerbury,62798,1-04-881775-X
Black Tea,Pepsi,Tea,111,6284,3610,2674,3/21/2020,Lauren Werner,Alabama,Johnshire,59243,0-912949-40-6
Herbal Tea,Coca-Cola,Tea,601,6389,4847,1542,12/8/2022,William Williams,Illinois,Burnston,94453,0-689-37962-5
Coffee,Pepsi,Coffee,709,6850,5707,1143,4/22/2022,Joseph Middleton,Tennessee,Morgantown,55065,1-229-47625-3
Beer,Coca-Cola,Alcoholic,153,1107,1546,-439,6/25/2021,Steven Taylor,Kansas,Barkerside,84326,1-86812-902-0
Cola,Dr. Pepper,Soft Drink,709,1787,598,1189,11/27/2020,Andrew Blake,California,West Stephanie,26299,1-84380-604-5
Wine,Coca-Cola,Alcoholic,464,3608,3597,11,7/21/2023,Joshua Bailey,New Mexico,South Janice,20039,1-74925-340-2
Herbal Tea,Dr. Pepper,Tea,990,6740,940,5800,6/29/2020,Gina Daniel,Maine,Kendraside,20008,1-74711-063-9
Beer,Coca-Cola,Alcoholic,709,8758,2346,6412,4/18/2023,Jessica Williams,Virginia,New Alexis,96894,0-583-01232-9
Green Tea,Pepsi,Tea,846,7869,2375,5494,2/26/2023,Allison Hoover,New York,Barbarastad,4480,0-11-913577-9
Herbal Tea,Pepsi,Tea,634,2261,4448,-2187,10/15/2020,Barbara Bates,Nebraska,North John,97593,0-453-27130-8
Vodka,Pepsi,Alcoholic,587,5036,2832,2204,8/11/2022,Laura Perry,Maine,Williamstad,71674,0-926047-87-6
Beer,Coca-Cola,Alcoholic,921,8852,7950,902,1/7/2021,Kathy Lopez,Florida,Stephanieville,90256,0-490-68434-3
Vodka,Dr. Pepper,Alcoholic,605,3599,6475,-2876,4/18/2023,Alexandria Hoffman,Mississippi,Shortstad,99757,1-70100-174-8
Cola,Dr. Pepper,Soft Drink,809,1705,5545,-3840,7/12/2022,Victoria Pitts,Pennsylvania,Aprilside,62124,0-19-295509-8
Lemonade,Pepsi,Soft Drink,618,6184,1193,4991,7/5/2023,John Herrera,Florida,Vincentview,57374,0-88923-901-0
Herbal Tea,Dr. Pepper,Tea,207,6156,3261,2895,5/7/2020,Makayla Brown,Wyoming,Deborahmouth,3076,1-79487-982-X
Coffee,Pepsi,Coffee,341,8925,1208,7717,4/8/2020,Donald Lane,Vermont,West Douglas,70066,1-75419-597-0
Green Tea,Coca-Cola,Tea,465,5943,2915,3028,5/25/2021,Christy Ford,Alabama,Barajaston,22144,1-69166-126-0
Beer,Dr. Pepper,Alcoholic,143,7244,5952,1292,3/9/2021,Daniel Morrison,New York,South Anthonytown,5127,1-65107-623-5
Energy Drink,Coca-Cola,Soft Drink,543,6826,6497,329,3/30/2023,Joel Cross,Michigan,Wardbury,5308,0-925554-92-8
Cola,Dr. Pepper,Soft Drink,384,3031,1272,1759,5/7/2021,Donna White,Louisiana,Gonzalesport,4133,1-66428-937-2
Coffee,Pepsi,Coffee,618,5589,3611,1978,12/5/2020,Jacob Gonzalez III,Connecticut,Caitlinborough,73001,0-00-143811-5
Beer,Coca-Cola,Alcoholic,450,8459,7584,875,9/24/2020,Shawna Gallagher,Texas,Fuentesburgh,6067,1-928874-57-6
Black Tea,Coca-Cola,Tea,536,3077,2639,438,2/21/2022,Anthony Cardenas,Tennessee,New Georgeview,26566,0-7405-9689-6
Lemonade,Coca-Cola,Soft Drink,451,8356,3084,5272,1/24/2020,Susan Cooper,Arizona,Reginaldside,30557,0-01-378160-X
Lemonade,Dr. Pepper,Soft Drink,689,4516,835,3681,3/24/2022,Christopher Bush,Tennessee,East Mariatown,34396,0-9689099-9-X
Herbal Tea,Coca-Cola,Tea,650,6016,7619,-1603,5/27/2020,Brittany Bean,Georgia,Ortizchester,73175,1-9736-2329-3
Black Tea,Coca-Cola,Tea,420,1662,5049,-3387,9/23/2021,Richard Young,Virginia,North Brian,37218,1-71467-179-8
Herbal Tea,Coca-Cola,Tea,591,1602,4763,-3161,1/4/2021,Molly Chang,Colorado,Thomashaven,1739,0-207-09363-6
Vodka,Coca-Cola,Alcoholic,991,9226,2993,6233,5/13/2021,Christine White,Montana,West Johnfurt,30624,1-85979-904-3
Wine,Dr. Pepper,Alcoholic,626,4314,2674,1640,10/12/2022,Olivia Jenkins,Indiana,Colleenton,39763,1-9877-0142-9
Vodka,Coca-Cola,Alcoholic,164,8902,554,8348,1/2/2021,Jimmy Davidson,California,North Mario,36360,0-06-086592-X
Vodka,Pepsi,Alcoholic,552,8749,4059,4690,12/7/2022,Alyssa Adams,Nevada,Hendersontown,37608,1-993112-42-1
Green Tea,Dr. Pepper,Tea,905,3549,7643,-4094,1/15/2023,Jeremy Hill,Nevada,Alexanderchester,44409,0-00-849549-1
Herbal Tea,Coca-Cola,Tea,125,7849,7145,704,7/6/2023,Lauren Brown,Hawaii,Jenniferport,76509,1-80088-648-9
Green Tea,Pepsi,Tea,220,9073,4674,4399,10/21/2020,Mary Velazquez,California,Richardfurt,68085,0-556-61648-0
Coffee,Coca-Cola,Coffee,686,2853,5470,-2617,11/25/2020,Nicholas Miller,Mississippi,Riosbury,37877,1-248-26332-4
Vodka,Pepsi,Alcoholic,623,2825,910,1915,1/2/2021,Ray Strickland,North Carolina,East Danielville,30018,0-360-25616-3
Coffee,Coca-Cola,Coffee,740,4003,5583,-1580,11/9/2022,Victor Hill,Utah,Davisview,92225,1-193-80106-0
Wine,Coca-Cola,Alcoholic,146,9008,653,8355,10/4/2021,Michael Mendoza,Ohio,Shawnchester,90122,1-56173-924-3
Cola,Pepsi,Soft Drink,877,9176,3480,5696,6/21/2022,Ashley Calhoun,Oregon,Josemouth,22076,0-13-924950-8
Black Tea,Pepsi,Tea,953,7670,3853,3817,5/20/2022,Morgan Lane,South Dakota,Lake Kelli,27979,0-406-79662-9
Cola,Pepsi,Soft Drink,669,3792,3404,388,12/7/2020,Melissa Phillips,New Mexico,Riverafurt,83705,0-474-69966-8
Black Tea,Pepsi,Tea,438,1614,574,1040,3/11/2020,Anthony Williams,Georgia,Evansview,3788,0-8236-3302-0
Lemonade,Dr. Pepper,Soft Drink,109,6662,1090,5572,4/19/2020,Susan Jackson,New Hampshire,Robbinsfort,80461,1-4011-1041-X
Cola,Coca-Cola,Soft Drink,999,6809,6226,583,12/22/2020,Erica Leonard,Ohio,East Lisa,20818,0-06-050307-6
Coffee,Coca-Cola,Coffee,423,5632,851,4781,4/9/2022,Jeffery Velez,New Hampshire,Jenkinsside,56733,1-240-26183-7
Cola,Dr. Pepper,Soft Drink,525,3135,6134,-2999,7/7/2020,Andrew Taylor,Wyoming,Lake Austin,4844,0-546-66921-2
Black Tea,Coca-Cola,Tea,224,3372,1295,2077,3/10/2023,Dana Thompson,Washington,New Amberhaven,85203,0-88122-230-5
Herbal Tea,Coca-Cola,Tea,957,1541,6852,-5311,1/11/2022,Kyle Adams,Florida,Kempside,36300,1-135-02996-2
Vodka,Pepsi,Alcoholic,695,9827,6087,3740,8/30/2021,Marc Cobb,Texas,West Jamiemouth,66028,0-339-37375-X
Energy Drink,Pepsi,Soft Drink,710,1322,3526,-2204,8/11/2022,Steven Delgado,Utah,Thomasburgh,88204,1-9829-0888-2
Herbal Tea,Dr. Pepper,Tea,165,4810,3679,1131,2/16/2023,Christine Griffin,Vermont,Aaronville,73103,0-87025-638-6
Wine,Coca-Cola,Alcoholic,657,3924,5732,-1808,10/6/2021,Mrs. Melinda Hoffman,Maine,North Kristen,82901,0-231-30470-6
Herbal Tea,Dr. Pepper,Tea,677,2331,7224,-4893,11/11/2022,Nancy Campbell,Oklahoma,New Virginia,32178,0-08-911468-X
Vodka,Pepsi,Alcoholic,918,8515,6084,2431,9/2/2022,Stephanie Shelton,Wisconsin,Port Michaelview,3074,0-9516489-2-6
Vodka,Dr. Pepper,Alcoholic,474,1328,6388,-5060,6/16/2021,Maria Sullivan,Iowa,Perezburgh,25158,0-679-41499-1
Herbal Tea,Dr. Pepper,Tea,951,4686,5982,-1296,7/31/2021,Richard Palmer,Nevada,West Stephanieport,98246,0-07-948529-4
Cola,Pepsi,Soft Drink,437,8675,987,7688,3/21/2023,Virginia Brown,Oregon,Sarahville,23567,1-75289-460-X
Vodka,Coca-Cola,Alcoholic,257,1605,3493,-1888,11/6/2022,Raymond Mcneil,Vermont,Dawnshire,89512,1-4133-9121-4
Herbal Tea,Coca-Cola,Tea,473,1653,3765,-2112,1/11/2021,Jennifer Blair,Illinois,Lake Tony,53666,0-218-84967-2
Energy Drink,Dr. Pepper,Soft Drink,265,6818,6218,600,3/23/2021,Eric Ortiz,Maryland,South Tanyamouth,85730,0-87257-068-1
Black Tea,Dr. Pepper,Tea,256,4287,3554,733,8/21/2021,Dawn Young,Arkansas,Ortizborough,8250,0-8127-2593-X
Wine,Dr. Pepper,Alcoholic,435,9749,835,8914,11/9/2022,Sarah Scott,Hawaii,East Bradleyburgh,6110,0-7485-0970-4
Wine,Pepsi,Alcoholic,299,4334,7556,-3222,12/26/2022,Joseph Mora,Connecticut,Fostertown,86354,1-171-71339-8
Wine,Pepsi,Alcoholic,263,1508,3983,-2475,5/7/2020,Edwin Bender,Tennessee,Lake Wendy,2199,1-60357-438-7
Coffee,Dr. Pepper,Coffee,181,4687,1360,3327,4/13/2020,Hannah Coleman,Tennessee,Port Jamesborough,89299,0-593-09751-3
Cola,Dr. Pepper,Soft Drink,633,5250,6757,-1507,1/21/2022,Aaron Rogers,North Carolina,Port Mackenziemouth,83669,0-8095-3857-1
Cola,Dr. Pepper,Soft Drink,152,9071,1178,7893,4/27/2021,Jeffrey Beck,Maryland,West Nancyhaven,39653,1-4512-2032-4
Herbal Tea,Dr. Pepper,Tea,906,2167,875,1292,9/24/2022,Robert Moore,Rhode Island,East Kimberlyshire,98663,1-383-77906-6
Energy Drink,Pepsi,Soft Drink,469,2863,7749,-4886,12/10/2020,Dawn Cruz,Alaska,Yangmouth,86066,1-252-57534-3
Herbal Tea,Dr. Pepper,Tea,826,1077,5546,-4469,2/4/2022,Peter Johnson,Mississippi,New Elizabethview,21273,0-9546001-5-0
Coffee,Pepsi,Coffee,883,9428,2818,6610,12/20/2022,Robert Brown,West Virginia,North Johnborough,37912,0-591-51515-6
Black Tea,Coca-Cola,Tea,578,3067,1013,2054,7/18/2021,Eric Maxwell,Texas,North Alicia,4733,1-06-557931-4
Wine,Coca-Cola,Alcoholic,437,6869,2046,4823,11/29/2021,Beth Ryan,Indiana,East Kayleebury,80457,1-874374-38-4
Vodka,Pepsi,Alcoholic,123,7744,4061,3683,6/24/2023,Matthew Nichols,Kansas,Richardsonmouth,50840,0-7056-3567-8
Green Tea,Dr. Pepper,Tea,855,2011,2548,-537,5/15/2021,Wendy Phillips,North Carolina,East Marytown,73061,1-06-316000-6
Energy Drink,Dr. Pepper,Soft Drink,563,7301,3602,3699,9/24/2020,Henry Wilcox,Arkansas,North Derrickfurt,21843,1-05-467914-2
Black Tea,Pepsi,Tea,191,6255,508,5747,8/20/2020,Colton Hernandez,Hawaii,Randymouth,2805,0-519-71518-7
Coffee,Pepsi,Coffee,548,3100,7983,-4883,6/15/2023,Andre Ferguson,Mississippi,Lake Elizabethhaven,68051,1-82498-852-4
Cola,Dr. Pepper,Soft Drink,323,8998,7308,1690,6/18/2020,Elizabeth Mcconnell,Delaware,Lake Jody,37815,1-5275-6527-0
Vodka,Pepsi,Alcoholic,354,6591,1216,5375,3/2/2023,Alexandra Wilson,Maine,Rebeccamouth,87395,1-368-56961-7
Black Tea,Coca-Cola,Tea,245,3478,3224,254,5/26/2021,Michael Arnold,Missouri,Karenview,3217,1-322-10513-8
Wine,Pepsi,Alcoholic,475,8005,6334,1671,7/23/2022,Anthony Abbott,Nebraska,East Pamela,89029,0-9508112-2-X
Vodka,Dr. Pepper,Alcoholic,647,9294,2878,6416,8/31/2020,Cheryl Hall,Idaho,South Christinaside,77191,0-13-898157-4
Vodka,Dr. Pepper,Alcoholic,673,6233,878,5355,1/1/2021,Donna Garcia,New Mexico,Jamesport,38518,0-85405-068-X
Lemonade,Pepsi,Soft Drink,722,5137,5334,-197,3/24/2021,John Cortez,Montana,East Lindamouth,89430,1-55240-754-3
Vodka,Pepsi,Alcoholic,308,8921,1368,7553,1/23/2020,Elizabeth Walker,Texas,Lake Carolton,11289,1-900597-03-9
Black Tea,Coca-Cola,Tea,461,6241,1775,4466,6/5/2023,Michelle Peterson,Kansas,Lindseyville,8183,1-4769-8467-0
Herbal Tea,Pepsi,Tea,107,9351,5688,3663,11/11/2020,Amanda Walker,Minnesota,Brookehaven,20036,1-139-88902-8
Energy Drink,Coca-Cola,Soft Drink,512,3571,7430,-3859,1/16/2023,Meagan Miller,Mississippi,Rickyberg,6189,1-185-06344-7
Cola,Coca-Cola,Soft Drink,427,7287,3744,3543,8/7/2020,Amy Alexander,New Hampshire,Harrisberg,64845,0-88909-852-2
Beer,Pepsi,Alcoholic,375,5086,6259,-1173,12/24/2020,Tracy Hughes,North Carolina,West Catherinefort,96770,1-57729-135-2
Wine,Coca-Cola,Alcoholic,275,8047,2147,5900,7/5/2021,George Sanders,Nevada,Danielview,6186,1-164-78820-5
Energy Drink,Dr. Pepper,Soft Drink,556,5751,5557,194,10/14/2022,Susan Villanueva,Arizona,Heathertown,86210,0-01-658117-2
Energy Drink,Coca-Cola,Soft Drink,401,5416,7473,-2057,9/14/2021,Tina Robinson,Virginia,North Joseph,60474,1-4619-3481-8
Vodka,Pepsi,Alcoholic,240,2736,6083,-3347,7/22/2023,Amber Martin,Louisiana,West Davidburgh,52064,1-4197-1391-4
Black Tea,Pepsi,Tea,691,5616,5607,9,3/10/2022,Vanessa Ball,Massachusetts,Tranbury,67148,0-234-17905-8
Green Tea,Pepsi,Tea,175,1830,4807,-2977,5/24/2023,Chad Flynn,Missouri,Angelamouth,45966,1-86844-668-9
Wine,Dr. Pepper,Alcoholic,946,9975,3491,6484,3/12/2021,Kendra Spears,Minnesota,Jeffmouth,64054,0-11-022348-9
Coffee,Pepsi,Coffee,715,9281,5604,3677,11/21/2020,Michael Valdez,Vermont,Taylorville,84444,1-158-79133-X
Wine,Pepsi,Alcoholic,198,8977,4627,4350,6/28/2022,Brandon Hodges,Massachusetts,Zavalashire,45150,1-5448-0513-6
Wine,Pepsi,Alcoholic,979,7210,3585,3625,1/29/2021,Christopher Johnson,South Dakota,East Steven,4301,0-437-19000-5
Coffee,Coca-Cola,Coffee,453,2872,6139,-3267,7/3/2023,Madison Baxter,Illinois,Port Scott,29512,0-598-80422-6
Vodka,Dr. Pepper,Alcoholic,650,2218,3890,-1672,3/15/2020,Darlene Pitts,Alabama,South Paulfort,99906,1-84111-093-0
Beer,Pepsi,Alcoholic,384,3310,1119,2191,5/18/2022,Sheri Hess,Florida,North Jacob,34201,1-4418-4787-1
Cola,Pepsi,Soft Drink,156,4773,3514,1259,9/4/2022,Jennifer Walter,Florida,Christopherton,98633,1-282-54189-7
Energy Drink,Coca-Cola,Soft Drink,598,5150,3389,1761,6/17/2022,Catherine Davenport,Washington,Mariaville,99562,0-903602-07-5
Black Tea,Pepsi,Tea,184,9545,764,8781,2/27/2021,Rose Vazquez,New Jersey,Anthonyhaven,2909,0-569-99004-1
Beer,Pepsi,Alcoholic,925,8681,3347,5334,3/28/2023,Richard Flynn,Kentucky,North Tiffany,76313,1-4946-1090-6
Vodka,Dr. Pepper,Alcoholic,301,8541,6243,2298,2/5/2023,Steven Walker,Florida,South Adammouth,68033,1-01-367454-5
Black Tea,Pepsi,Tea,207,2064,1210,854,12/1/2022,Brandon Shaw,Washington,Andersonmouth,73061,1-4795-3471-4
Herbal Tea,Pepsi,Tea,701,1504,6028,-4524,6/11/2021,Stephanie Barber,Maryland,East Thomas,96831,0-530-69913-3
Cola,Coca-Cola,Soft Drink,919,7037,4323,2714,8/20/2020,Jennifer Stewart,Colorado,Matthewland,55758,1-71288-376-3
Coffee,Pepsi,Coffee,992,9909,5849,4060,8/6/2022,Todd Gibbs,New Mexico,Danielchester,68049,0-229-49438-2
Beer,Pepsi,Alcoholic,308,9905,514,9391,2/8/2021,Robert Costa,California,South Brian,99801,0-680-20988-3
Vodka,Coca-Cola,Alcoholic,475,1168,6704,-5536,6/29/2020,David Cole,New York,Port Alan,70188,1-02-426772-5
Wine,Pepsi,Alcoholic,378,1370,7472,-6102,2/25/2023,Gordon Bell,Connecticut,Batesside,2858,0-270-13666-5
Green Tea,Coca-Cola,Tea,508,9320,5458,3862,4/29/2021,Linda Holmes,Utah,Perrymouth,55043,0-7155-1622-1
Herbal Tea,Pepsi,Tea,350,5085,6524,-1439,11/1/2020,Dr. Philip Potter,Hawaii,Shannonborough,98663,1-65955-768-2
Black Tea,Pepsi,Tea,761,9688,4333,5355,6/3/2020,Megan Olson,New Mexico,Johnburgh,37607,1-02-751475-8
Green Tea,Pepsi,Tea,816,5038,6718,-1680,6/30/2021,Steve Gray,Montana,South Martha,97459,0-04-853154-5
Cola,Coca-Cola,Soft Drink,249,3831,755,3076,9/9/2020,Tammy Ferrell,Vermont,Lake Kimberly,46111,1-358-82830-X
Herbal Tea,Dr. Pepper,Tea,545,1054,1589,-535,3/26/2020,Stephanie Reynolds,Ohio,Cherylland,85722,1-4138-8622-1
Coffee,Dr. Pepper,Coffee,477,3132,7432,-4300,10/3/2020,Sheila Wilson,Arizona,South Rachelton,97221,0-510-06867-7
Beer,Pepsi,Alcoholic,867,5931,2714,3217,7/11/2020,Morgan Davis,North Dakota,New Donnatown,36732,0-666-13799-4
Lemonade,Dr. Pepper,Soft Drink,307,9680,5880,3800,3/14/2023,Kathryn King,South Dakota,Port Laura,6316,0-9571725-7-5
Lemonade,Pepsi,Soft Drink,577,8569,4135,4434,1/25/2020,Latoya Thomas,Tennessee,Lewistown,47031,0-566-76822-4
Energy Drink,Dr. Pepper,Soft Drink,631,8839,1093,7746,9/20/2022,Tyler Garcia,New Mexico,West Johnton,37748,1-5474-5076-2
Cola,Pepsi,Soft Drink,625,3642,2780,862,3/4/2023,Caitlin Cole,Mississippi,Wilsonport,11730,0-7617-2872-4
Cola,Pepsi,Soft Drink,505,6468,1009,5459,6/1/2021,James Kerr,Georgia,New Kathleenburgh,59394,1-08-178766-X
Wine,Pepsi,Alcoholic,321,1016,2062,-1046,3/13/2022,Dr. Kevin Cox,Rhode Island,Port Tammie,4219,0-368-66475-9
Coffee,Coca-Cola,Coffee,309,4298,4490,-192,5/13/2021,Sara Pineda,Idaho,Jonathanhaven,85623,0-642-25438-9
Beer,Dr. Pepper,Alcoholic,650,6769,801,5968,11/14/2022,Kelly Pierce,North Carolina,Prattburgh,39676,0-89429-423-7
Cola,Coca-Cola,Soft Drink,451,3007,2582,425,1/27/2020,Amber Daniels,Maryland,Jonesberg,38377,1-69566-147-8
Green Tea,Dr. Pepper,Tea,133,7231,1980,5251,1/29/2020,Michael Davis,Alaska,Douglasberg,5377,0-9924353-3-1
Green Tea,Dr. Pepper,Tea,180,7719,3658,4061,6/28/2021,Kenneth Rogers,Mississippi,Shermanfort,57157,1-125-33926-8
Wine,Pepsi,Alcoholic,145,6259,5940,319,5/6/2020,Lynn Mckenzie,Nebraska,Whitechester,42464,1-9819-2248-2
Herbal Tea,Coca-Cola,Tea,517,3570,6050,-2480,10/25/2021,Randy Sanchez,Alabama,Cookeburgh,46687,1-178-70300-2
Vodka,Pepsi,Alcoholic,992,8687,3731,4956,8/2/2021,Leah Kaiser,Missouri,Jasonmouth,76671,1-80217-233-5
Vodka,Coca-Cola,Alcoholic,474,2201,972,1229,9/28/2021,Carlos Young,Alabama,New Andrewchester,56023,1-382-13508-4
Black Tea,Dr. Pepper,Tea,977,7589,7064,525,7/8/2020,Melissa Perez,New York,Jasonborough,68115,1-63771-218-9
Lemonade,Dr. Pepper,Soft Drink,265,3893,4983,-1090,2/22/2022,Debra George,North Dakota,Nathanborough,19808,1-62128-517-0
Wine,Pepsi,Alcoholic,705,6441,4857,1584,2/25/2020,Kayla Gentry,Wisconsin,Baileyport,96785,0-14-271896-3
Lemonade,Coca-Cola,Soft Drink,841,7649,6544,1105,7/16/2020,Vanessa Alexander,New York,New Brent,64774,0-08-196931-7
Black Tea,Pepsi,Tea,325,9108,4451,4657,9/16/2020,Suzanne White,Arizona,New James,63544,1-390-48402-5
Green Tea,Dr. Pepper,Tea,155,4581,4028,553,2/9/2022,Mark Lewis,Rhode Island,South Melissa,7518,0-908644-78-7
Lemonade,Coca-Cola,Soft Drink,920,3169,7352,-4183,6/30/2023,Donald Carrillo,New Hampshire,Sanchezhaven,89795,1-4497-8139-X
Herbal Tea,Dr. Pepper,Tea,690,5313,4237,1076,1/10/2020,Luis Ramirez,North Carolina,North Carolyn,38922,1-4354-5619-X
Beer,Dr. Pepper,Alcoholic,951,3442,5630,-2188,10/31/2021,Amanda Leach,Colorado,Melissamouth,57468,1-70466-659-7
Beer,Dr. Pepper,Alcoholic,437,7271,6527,744,6/16/2020,William Bennett,Missouri,South Sabrinafurt,97350,1-55354-646-6
Wine,Coca-Cola,Alcoholic,630,6592,2838,3754,2/3/2023,Jimmy Rosales,Connecticut,Kathychester,98104,0-939291-19-3
Vodka,Pepsi,Alcoholic,160,6374,5966,408,11/8/2022,Wayne Brown,Delaware,Olsonchester,38673,0-9581417-3-8
Vodka,Dr. Pepper,Alcoholic,343,9699,1617,8082,10/4/2022,Melissa Santana,Michigan,Johnville,36605,1-57995-140-6
Lemonade,Dr. Pepper,Soft Drink,525,5766,7261,-1495,9/16/2021,Kyle Nelson,West Virginia,West Emilystad,96718,1-4330-8983-1
Beer,Dr. Pepper,Alcoholic,156,8783,660,8123,8/15/2021,Tyler Hanson,Minnesota,Aprilfort,97619,0-447-96016-4
Energy Drink,Coca-Cola,Soft Drink,935,5651,3122,2529,2/23/2022,Ashley Jones,Arizona,Heatherburgh,96830,0-08-528511-0
Vodka,Coca-Cola,Alcoholic,711,8687,6032,2655,4/24/2020,James Garza,Minnesota,Lake Douglas,41613,0-9657415-0-8
Coffee,Coca-Cola,Coffee,939,8622,7970,652,1/29/2023,William Barron,South Carolina,West Jamesview,6230,0-8298-8810-1
Herbal Tea,Coca-Cola,Tea,955,3844,2509,1335,6/30/2021,Nathan Jackson,North Carolina,East Margaret,56604,1-4878-3405-5
Herbal Tea,Coca-Cola,Tea,129,7973,1316,6657,9/26/2022,Holly Dawson,Texas,Port Chadfurt,68110,1-5388-0042-X
Coffee,Dr. Pepper,Coffee,748,2660,6006,-3346,3/12/2023,Valerie Boyd,Kentucky,Port Mark,50425,1-4363-1946-3
Green Tea,Pepsi,Tea,495,7875,5309,2566,2/2/2020,Eric Flores,Oklahoma,West James,4807,0-87672-578-7
Green Tea,Pepsi,Tea,853,4519,3200,1319,5/25/2023,Robert Trujillo,Vermont,Katherinemouth,88317,1-63551-134-8
Black Tea,Pepsi,Tea,960,6605,5667,938,7/28/2022,Nicole Poole,Delaware,Payneport,89225,1-130-62382-3
Herbal Tea,Coca-Cola,Tea,475,9281,4982,4299,12/3/2022,Nicole Lee,California,Port Jasonport,62201,0-550-81033-1
Cola,Coca-Cola,Soft Drink,103,7832,2101,5731,4/27/2021,Patrick King,Connecticut,Michelleport,7873,0-457-96260-7
Beer,Coca-Cola,Alcoholic,706,8282,5441,2841,1/3/2020,Mr. Richard Fitzgerald,Arizona,Lake Andrew,2415,1-390-26137-9
Wine,Coca-Cola,Alcoholic,220,7958,5397,2561,8/1/2022,Craig Stokes,Alabama,Garyland,19830,1-68542-670-0
Lemonade,Pepsi,Soft Drink,729,3753,1028,2725,5/20/2020,Steven Griffin,North Dakota,West Ericside,26738,1-74544-937-X
Beer,Coca-Cola,Alcoholic,390,3686,7363,-3677,10/20/2020,Garrett Delgado,Michigan,Amberburgh,49007,1-4874-7227-7
Energy Drink,Pepsi,Soft Drink,155,8074,4879,3195,9/15/2021,Brandon Reid,Utah,Smithton,72306,0-427-19297-8
Vodka,Pepsi,Alcoholic,449,9161,7106,2055,6/20/2020,Dana Hughes,Vermont,Port Wendyview,39132,1-277-12463-9
Coffee,Coca-Cola,Coffee,194,4390,6654,-2264,3/17/2022,Joshua Reid,Oklahoma,West Lauren,58671,0-612-67354-5
Cola,Pepsi,Soft Drink,291,1561,3752,-2191,2/20/2021,Aaron Turner,Michigan,North Andrewton,99884,1-03-715724-9
Cola,Pepsi,Soft Drink,210,3177,2179,998,12/28/2020,David Becker,Michigan,Fisherport,5149,1-210-60674-7
Coffee,Pepsi,Coffee,319,8623,600,8023,6/13/2021,Danny Johnson,Florida,Lake Kristinashire,86248,1-63336-759-2
Wine,Pepsi,Alcoholic,342,2323,5649,-3326,2/1/2020,Preston Lee,California,Lawsonview,14030,0-7461-2710-3
Beer,Pepsi,Alcoholic,819,6484,4837,1647,12/7/2022,Allen Anderson,Connecticut,New Terry,56534,1-56364-604-8
Wine,Coca-Cola,Alcoholic,245,6551,6597,-46,7/6/2021,Heather Christian,North Dakota,South Kathleenbury,88276,1-82716-984-2
Beer,Pepsi,Alcoholic,297,7072,3742,3330,10/17/2020,Billy Harrison,South Dakota,New James,3337,1-79869-226-0
Vodka,Dr. Pepper,Alcoholic,582,8945,7261,1684,1/18/2023,Carlos Garcia,Oregon,Port Mathew,70221,1-256-09977-5
Green Tea,Dr. Pepper,Tea,277,8353,3638,4715,3/20/2020,Thomas Pena,Missouri,Mitchellshire,58499,1-68847-015-8
Energy Drink,Pepsi,Soft Drink,620,3383,3659,-276,4/6/2023,Kristi Becker,Colorado,Kristihaven,89470,1-58650-233-6
Energy Drink,Pepsi,Soft Drink,806,8068,4219,3849,7/2/2023,Karen Marshall,Virginia,Erintown,68053,0-371-31201-9
Lemonade,Coca-Cola,Soft Drink,689,4711,3961,750,5/25/2021,Diane Nichols,Nevada,Yangville,99065,0-269-42910-7
Vodka,Pepsi,Alcoholic,399,7314,2586,4728,4/28/2023,Karen Turner,Indiana,Michaelfort,85756,0-355-06900-8
Lemonade,Pepsi,Soft Drink,992,1114,4032,-2918,5/25/2023,Jesse Summers,Louisiana,East Stephen,31271,0-9932795-2-X
Green Tea,Pepsi,Tea,725,7181,6491,690,4/17/2020,Courtney Gonzalez,Connecticut,South Krista,99596,0-7551-9632-5
Cola,Pepsi,Soft Drink,342,6788,4246,2542,4/1/2020,Carolyn Davis,North Carolina,Nicholashaven,31905,0-09-570936-3
Lemonade,Pepsi,Soft Drink,724,1382,3426,-2044,2/16/2021,April Davis,Wisconsin,South Ryan,16558,1-102-71004-0
Cola,Pepsi,Soft Drink,266,4446,4849,-403,12/8/2022,Linda Wright,Oregon,East Jeffrey,83869,0-505-35755-0
Lemonade,Dr. Pepper,Soft Drink,665,2370,6616,-4246,12/6/2021,Patricia Peterson,Iowa,West Kristy,87842,1-65374-044-2
Black Tea,Coca-Cola,Tea,210,2094,1478,616,12/6/2022,Jamie Mejia,Texas,New Holly,29126,1-955622-78-7
Wine,Coca-Cola,Alcoholic,916,7481,3973,3508,1/12/2022,Brooke Turner,Mississippi,New Melissa,73099,0-19-559686-2
Wine,Dr. Pepper,Alcoholic,314,5670,1866,3804,4/14/2023,Andrew Ingram,Vermont,Cherylstad,87589,0-8016-5384-3
Green Tea,Dr. Pepper,Tea,242,1655,6010,-4355,10/22/2021,James Johnson,Washington,Meganchester,81488,1-396-73418-X
Coffee,Coca-Cola,Coffee,307,5623,6313,-690,5/20/2020,Amber Tapia,Ohio,Erikahaven,82177,1-75141-337-3
Cola,Pepsi,Soft Drink,231,9577,7292,2285,7/15/2023,Jeremy Lopez,Texas,Johnsonstad,6058,1-282-79658-5
Beer,Dr. Pepper,Alcoholic,366,3510,1290,2220,9/10/2021,Jennifer Williams,Illinois,Philipton,21314,1-325-63748-3
Green Tea,Pepsi,Tea,423,7951,2593,5358,4/27/2022,Mrs. Catherine Owens,Texas,Michaelborough,8897,1-252-18375-5
Black Tea,Coca-Cola,Tea,167,2326,7421,-5095,2/2/2022,Charles Shaw,Vermont,Taylorborough,59653,0-679-75027-4
Cola,Dr. Pepper,Soft Drink,872,5835,7406,-1571,5/30/2021,Gregory Lucas,New Jersey,East Royburgh,61698,0-489-30471-0
Beer,Dr. Pepper,Alcoholic,952,8565,7721,844,1/5/2022,Joshua Moreno,New Hampshire,West Madisonberg,57469,1-204-42436-5
Vodka,Dr. Pepper,Alcoholic,858,6580,2239,4341,10/27/2020,Patricia Graham,Kentucky,New Melissa,95242,0-7222-8089-0
Beer,Dr. Pepper,Alcoholic,657,1766,2570,-804,7/19/2021,Aaron White,Texas,East Teresaview,5197,1-70002-884-7
Green Tea,Pepsi,Tea,668,4775,974,3801,9/22/2020,Lauren Smith,South Carolina,East Stephanie,84560,0-7100-9867-7
Herbal Tea,Coca-Cola,Tea,271,7227,777,6450,11/23/2021,Johnathan Moyer,California,South Jillbury,55764,1-5295-3410-0
Coffee,Dr. Pepper,Coffee,582,2307,4717,-2410,6/14/2022,Dustin Mack,Idaho,East Andrew,18086,0-558-72507-4
Coffee,Dr. Pepper,Coffee,689,7637,5764,1873,3/6/2020,Jacob Woods,Georgia,North Justin,14731,1-55791-739-6
Green Tea,Dr. Pepper,Tea,542,7886,4678,3208,4/17/2023,Dean Sanchez,Florida,South Michele,99773,1-02-679523-0
Lemonade,Dr. Pepper,Soft Drink,460,1138,1181,-43,3/19/2022,Denise Mcintyre,North Carolina,West Cynthiabury,70617,0-88180-684-6
Cola,Coca-Cola,Soft Drink,214,8360,1872,6488,10/31/2021,Lynn Thomas,Iowa,South Christinamouth,37834,0-580-18529-X
Cola,Pepsi,Soft Drink,256,3392,5300,-1908,6/15/2023,Joseph Warren,Maryland,South Samanthatown,87913,0-2280-8886-0
Herbal Tea,Coca-Cola,Tea,256,8692,1418,7274,4/17/2023,Kim Meyer,Kentucky,Whitestad,61260,0-18-990957-9
Wine,Pepsi,Alcoholic,389,1200,6213,-5013,8/3/2021,Ronald Stevenson,Texas,East Samantha,21631,1-08-256712-4
Vodka,Dr. Pepper,Alcoholic,775,7031,3182,3849,11/26/2021,Peter Walker,New Mexico,West Karlaborough,18373,1-03-202371-6
Coffee,Pepsi,Coffee,976,9901,2513,7388,8/14/2022,Mary Ball,Tennessee,Sarahaven,99864,0-7137-3094-3
Cola,Pepsi,Soft Drink,605,8208,512,7696,4/12/2022,Paul Mclaughlin,Connecticut,Amandaport,21706,1-84659-439-1
Lemonade,Dr. Pepper,Soft Drink,161,1664,1114,550,9/19/2021,Susan Fox,West Virginia,Port Jon,66243,0-8234-8081-X
Beer,Dr. Pepper,Alcoholic,184,1291,4484,-3193,12/18/2020,Tina Parker,Indiana,North Erikfort,3109,0-16-544107-0
Energy Drink,Dr. Pepper,Soft Drink,290,7167,742,6425,6/5/2022,Mark Mosley,Virginia,Bauerville,94200,0-393-97343-3
Green Tea,Pepsi,Tea,275,5422,4321,1101,8/26/2021,David Green,Louisiana,Lake Robert,72240,0-7160-6489-8
Beer,Pepsi,Alcoholic,510,5537,4659,878,8/13/2022,David Rubio,South Carolina,New Bonniechester,66296,0-901604-79-8
Lemonade,Pepsi,Soft Drink,388,1441,6101,-4660,8/24/2020,Gina Anderson,Washington,Port John,84467,1-921486-77-5
Herbal Tea,Dr. Pepper,Tea,732,8472,3457,5015,2/28/2023,Nicholas Williams,Minnesota,East Sarah,83642,0-498-47533-6
Beer,Pepsi,Alcoholic,639,8410,4820,3590,4/6/2021,John Davis,Wyoming,Port Sara,25632,1-72854-518-8
Cola,Pepsi,Soft Drink,647,2386,2990,-604,6/1/2022,Kenneth Clarke,Arizona,Michaelstad,84550,1-195-30071-9
Herbal Tea,Dr. Pepper,Tea,821,6849,1664,5185,11/18/2022,Aaron Peters,Hawaii,Port Christinaville,80817,1-921314-15-X
Herbal Tea,Pepsi,Tea,199,3455,6044,-2589,2/8/2022,Jennifer Brown,Montana,Jacobhaven,80282,1-4158-1662-X
Energy Drink,Coca-Cola,Soft Drink,315,6757,4081,2676,6/8/2023,Debra Wilkerson,Delaware,Alanview,24353,0-911085-02-5
Lemonade,Pepsi,Soft Drink,463,1597,512,1085,6/16/2020,Sean Spencer,Mississippi,Liutown,59344,1-05-561135-5
Black Tea,Pepsi,Tea,471,4448,5573,-1125,8/25/2021,Kristina Zuniga,Colorado,Michaelview,48489,0-15-470903-4
Beer,Pepsi,Alcoholic,177,3884,3655,229,2/13/2020,Janet Alexander,Massachusetts,Port Joseph,43150,1-5133-5978-9
Wine,Coca-Cola,Alcoholic,724,2145,2350,-205,6/28/2021,Robert Blankenship,Alaska,East Mikeview,58212,1-79917-551-0
Beer,Dr. Pepper,Alcoholic,449,4880,7602,-2722,2/22/2021,Katherine Church,Texas,Lake Amber,45282,1-4825-6273-1
Vodka,Dr. Pepper,Alcoholic,766,8297,4954,3343,1/16/2022,Joel Bird,Alabama,New Amy,1247,0-8135-5714-3
Cola,Dr. Pepper,Soft Drink,183,9315,638,8677,7/5/2020,Jillian Meadows,Maine,Schwartzchester,19723,1-916503-24-1
Coffee,Pepsi,Coffee,511,8397,3940,4457,3/21/2020,Rachel Harmon,Virginia,New Elizabeth,83059,0-583-11754-6
Black Tea,Dr. Pepper,Tea,798,8836,4820,4016,1/27/2021,Alyssa Price,Nebraska,Brendanberg,82925,0-00-665701-X
Lemonade,Coca-Cola,Soft Drink,119,5832,1196,4636,2/10/2022,Mark Ford,Vermont,South Janice,3642,1-236-24895-3
Cola,Dr. Pepper,Soft Drink,717,9617,2719,6898,10/3/2021,Kathleen Brown,Mississippi,New Caitlin,96892,0-16-735877-4
Lemonade,Dr. Pepper,Soft Drink,353,8466,6366,2100,10/5/2022,Belinda Wood,South Dakota,Erinbury,38215,1-307-51342-5
Lemonade,Dr. Pepper,Soft Drink,333,9886,5446,4440,4/28/2020,Steve Jones,Nevada,Lake Sharon,39048,0-483-68731-6
Energy Drink,Dr. Pepper,Soft Drink,560,1572,3228,-1656,5/31/2023,Cynthia Evans,Oklahoma,Port Kevinport,37165,0-429-88928-3
Green Tea,Dr. Pepper,Tea,879,5031,5479,-448,3/8/2023,Danielle Weaver,Washington,Chapmanmouth,57540,0-578-61492-8
Wine,Coca-Cola,Alcoholic,814,5074,2503,2571,5/14/2021,Brendan Cardenas,Hawaii,South James,97298,0-9874056-0-8
Vodka,Dr. Pepper,Alcoholic,685,1249,3283,-2034,5/10/2021,William Miller,New York,New Kimberly,83620,1-76424-672-1
Herbal Tea,Dr. Pepper,Tea,167,3596,7689,-4093,7/29/2023,Tina Banks,Texas,Paulton,49135,1-123-11838-8
Herbal Tea,Coca-Cola,Tea,210,9724,686,9038,8/30/2022,Thomas Rice,New Mexico,Lake William,12302,0-696-51578-4
Lemonade,Coca-Cola,Soft Drink,852,1624,1171,453,11/21/2020,Brandi Taylor,New Mexico,South Leah,55046,0-339-42363-3
Herbal Tea,Coca-Cola,Tea,836,9019,2661,6358,5/14/2023,Jodi Walker,Pennsylvania,North Davidshire,7672,1-77287-777-8
Herbal Tea,Coca-Cola,Tea,460,9231,1935,7296,7/2/2022,William Hensley Jr.,Montana,West Madisonshire,44994,1-4816-8339-X
Beer,Dr. Pepper,Alcoholic,340,9220,3379,5841,6/20/2022,Jennifer Anderson,Hawaii,Sanchezbury,71108,0-8024-9781-0
Green Tea,Dr. Pepper,Tea,591,2369,758,1611,12/4/2021,Melissa Carr,Virginia,West Amandaview,50444,0-7777-5784-2
Black Tea,Dr. Pepper,Tea,783,6626,5664,962,3/12/2022,Stephen Moyer,Mississippi,Hillhaven,8411,1-891814-07-9
Green Tea,Pepsi,Tea,186,9135,4932,4203,6/25/2021,William Griffin,Wyoming,Ortegaland,85610,0-468-17687-X
Coffee,Coca-Cola,Coffee,153,9839,5092,4747,10/21/2021,Jamie Adams,Rhode Island,North Jonton,55287,1-213-57070-0
Cola,Dr. Pepper,Soft Drink,641,5557,3637,1920,7/2/2020,Alyssa Rivers,Vermont,West Kimberly,8809,1-03-122663-X
Lemonade,Coca-Cola,Soft Drink,267,5650,4445,1205,8/18/2021,Nichole Hudson,Hawaii,New Kevin,93792,1-169-31411-2
Herbal Tea,Coca-Cola,Tea,921,5498,1409,4089,4/25/2021,Mrs. Sherry Roberts,Kentucky,East Jodi,95306,1-993022-42-2
Wine,Pepsi,Alcoholic,919,1695,5408,-3713,11/19/2022,Johnny Haynes,Minnesota,Sandrabury,20008,1-245-64039-9
Lemonade,Pepsi,Soft Drink,268,9216,2609,6607,12/16/2020,Andrea Mendoza,Colorado,North Sean,20018,0-17-497025-0
Green Tea,Pepsi,Tea,180,8791,5039,3752,8/14/2021,Meghan Guerrero,Texas,Beckerbury,15561,1-72057-252-6
Wine,Dr. Pepper,Alcoholic,394,9202,2330,6872,12/23/2020,Andrew Vang,Michigan,Johnview,30259,1-952145-71-6
Wine,Pepsi,Alcoholic,873,4410,6234,-1824,5/23/2021,Austin Cantrell,Washington,New Matthew,93252,1-59289-914-5
Energy Drink,Dr. Pepper,Soft Drink,640,8833,7983,850,6/19/2023,Susan Herman,Georgia,Paulaland,54054,0-13-273692-6
Green Tea,Dr. Pepper,Tea,418,1684,6225,-4541,6/22/2022,Brooke Rogers,Pennsylvania,Autumnfurt,53250,1-76498-919-8
Wine,Dr. Pepper,Alcoholic,904,2586,6180,-3594,7/8/2022,Michael Welch,New York,West Stacy,87923,0-921063-35-0
Lemonade,Pepsi,Soft Drink,573,7924,853,7071,9/17/2020,Sherry Richardson,Minnesota,Port Jasonville,3667,1-81382-205-0
Cola,Coca-Cola,Soft Drink,249,2459,1353,1106,11/12/2020,Alexandra Medina,Texas,West Garychester,59570,0-88839-562-0
Cola,Pepsi,Soft Drink,493,8699,4191,4508,2/3/2023,Stacy Haney DDS,Wyoming,Port Brittany,3161,0-85813-153-6
Herbal Tea,Coca-Cola,Tea,425,7403,2915,4488,10/18/2022,Christopher Pitts,Kentucky,North Carolstad,1744,1-371-89171-0
Lemonade,Coca-Cola,Soft Drink,129,3927,5230,-1303,3/16/2020,Christopher Riley,New Hampshire,East Vincentstad,29645,0-9971892-8-2
Coffee,Pepsi,Coffee,947,3147,3558,-411,3/18/2022,Daniel Lane,Delaware,Sancheztown,11569,0-638-49101-0
Green Tea,Coca-Cola,Tea,667,9472,6566,2906,10/17/2021,Heather Davis,Wisconsin,New William,70360,0-305-83730-3
Beer,Dr. Pepper,Alcoholic,946,5494,5526,-32,1/31/2023,Joseph Harmon,Virginia,East Janet,82470,0-356-45359-6
Vodka,Dr. Pepper,Alcoholic,667,1343,7401,-6058,11/29/2021,Justin Bass,Wisconsin,Pattersonbury,80276,1-4964-0233-2
Coffee,Dr. Pepper,Coffee,766,1373,2866,-1493,11/13/2020,Shelby Fernandez,Washington,Jayhaven,99843,1-55483-681-6
Green Tea,Dr. Pepper,Tea,234,4986,7005,-2019,6/23/2021,Elizabeth Cameron,New Hampshire,Lake Alexandriaborough,26079,0-306-95337-4
Lemonade,Dr. Pepper,Soft Drink,783,3972,1842,2130,8/30/2022,Heidi Pearson,Vermont,Darrellshire,66875,1-58992-088-0
Cola,Coca-Cola,Soft Drink,614,1893,3652,-1759,6/10/2021,Susan Hebert,Arizona,North Robert,71649,0-637-23215-1
Herbal Tea,Coca-Cola,Tea,700,9785,1218,8567,1/9/2021,Thomas Hayes,Hawaii,Lake Colton,1364,1-385-17444-7
Herbal Tea,Pepsi,Tea,821,5008,732,4276,8/18/2021,Alexandria Jackson,Rhode Island,Ericburgh,88045,0-482-03203-0
Coffee,Pepsi,Coffee,779,3332,545,2787,5/26/2020,David Robles,Maine,Carlfurt,47780,0-626-59752-8
Black Tea,Dr. Pepper,Tea,348,6285,7038,-753,6/22/2023,Wayne Schultz,Maryland,New Jaimefort,58226,0-695-78249-5
Wine,Coca-Cola,Alcoholic,211,5829,1198,4631,1/31/2021,Jason Cummings,Hawaii,Nicoleton,84222,1-76870-364-7
Wine,Dr. Pepper,Alcoholic,775,8506,2880,5626,5/12/2020,Thomas Pitts,Connecticut,East Mary,6118,0-930088-87-5
Cola,Dr. Pepper,Soft Drink,705,8543,7778,765,5/4/2023,Eric Lewis,Kansas,South Johnview,98514,1-01-686938-X
Herbal Tea,Pepsi,Tea,198,5753,3387,2366,7/26/2023,Craig Jackson,Oklahoma,East Alexandriaport,72907,1-225-62268-9
Herbal Tea,Dr. Pepper,Tea,349,7635,4721,2914,3/15/2022,Samantha Spencer,Vermont,Wagnermouth,72790,0-16-998500-8
Green Tea,Dr. Pepper,Tea,736,7498,3763,3735,7/31/2020,Jennifer Webster,Oregon,Aprilbury,41406,1-354-86657-6
Energy Drink,Pepsi,Soft Drink,179,9441,1351,8090,2/14/2021,Kyle Johnson,Georgia,West Joelhaven,19930,0-900170-54-9
Beer,Pepsi,Alcoholic,816,9933,7537,2396,5/30/2022,Angela Henderson,Maine,East Monique,62215,0-477-17774-3
Herbal Tea,Coca-Cola,Tea,647,3350,577,2773,8/3/2022,Steven Figueroa,Arkansas,Jesustown,27075,1-60058-728-3
Cola,Dr. Pepper,Soft Drink,519,2451,6994,-4543,5/26/2022,Charles Andrews,North Dakota,Edwinland,6119,0-223-24689-1
Green Tea,Dr. Pepper,Tea,122,1496,4362,-2866,4/14/2023,Dan Hill,Wyoming,Dickersonburgh,82109,1-246-61194-5
Herbal Tea,Pepsi,Tea,543,3163,7802,-4639,5/4/2021,Jason Mcfarland,Idaho,East Lindsey,78485,1-932662-46-4
Wine,Coca-Cola,Alcoholic,679,1672,3741,-2069,6/15/2020,Olivia Gardner DDS,Kansas,Frederickbury,81162,1-55884-480-5
Herbal Tea,Dr. Pepper,Tea,283,6274,1882,4392,1/20/2021,Veronica Collins,North Carolina,Port David,96764,0-251-35462-8
Vodka,Dr. Pepper,Alcoholic,761,7150,3328,3822,12/8/2022,Dana Wyatt,Oklahoma,North Kevinland,97809,0-8187-1176-0
Green Tea,Pepsi,Tea,895,6589,4885,1704,1/30/2022,Deborah Douglas,Oklahoma,Arnoldshire,70656,1-4658-1599-6
Green Tea,Pepsi,Tea,219,8937,7664,1273,5/6/2023,Lisa Francis,Oregon,Barronview,82479,0-913244-73-2
Cola,Pepsi,Soft Drink,222,8110,5614,2496,3/7/2022,Kurt Mitchell,Colorado,Tapiafurt,8211,1-5093-2669-3
Beer,Coca-Cola,Alcoholic,697,7674,6868,806,2/12/2021,Pamela Taylor,Iowa,Peterville,5179,1-58395-991-2
Energy Drink,Dr. Pepper,Soft Drink,343,6575,571,6004,1/7/2020,Christopher Richardson,Connecticut,Maloneport,5006,1-04-506119-0
Cola,Coca-Cola,Soft Drink,948,4264,4227,37,2/14/2020,Dustin Reed,Tennessee,Lake Jessicamouth,63168,0-684-54277-3
Beer,Pepsi,Alcoholic,192,3488,2906,582,1/5/2022,Melvin Lee,Tennessee,North Thomas,91219,1-372-99981-7
Beer,Pepsi,Alcoholic,822,9798,6797,3001,7/12/2022,Janet Lee,Hawaii,Vargasside,70233,0-405-24222-0
Lemonade,Dr. Pepper,Soft Drink,387,5682,5146,536,2/14/2020,Paul Escobar,Nevada,Katherineland,98315,1-55892-969-X
Beer,Dr. Pepper,Alcoholic,567,4059,2781,1278,5/22/2020,Joshua Allen,South Dakota,East Darin,48507,1-4307-2772-1
Black Tea,Pepsi,Tea,642,1570,4167,-2597,9/3/2020,Kristin Delgado,Washington,Andrewport,21445,1-125-33353-7
Beer,Dr. Pepper,Alcoholic,672,6919,7733,-814,10/2/2021,Louis Washington,Hawaii,Lake Cassandra,73027,0-7698-9702-9
Wine,Dr. Pepper,Alcoholic,625,1826,4386,-2560,9/9/2022,Richard Edwards,Mississippi,South Brucehaven,2811,0-89284-129-X
Vodka,Coca-Cola,Alcoholic,105,5486,1514,3972,5/16/2023,Kayla Glenn,Kansas,New Davebury,84246,1-361-93891-9
Herbal Tea,Coca-Cola,Tea,121,7678,2518,5160,12/26/2020,Nancy Williams,Minnesota,Robertstad,35475,1-291-01435-7
